3067 4900
604 348 700 406 Phll'l'.
717 347 813 406 Ollill'.
831 349 861 411 3,
877 354 903 406 8.
1272 347 1313 410 27

194 521 298 590 tiones,
319 525 351 578 nt
371 534 480 596 genera
495 515 622 596 partium
643 531 824 592 generumve
842 525 955 595 partem
979 523 1010 577 ut
1024 517 1188 596 primordia
1204 535 1306 580 rerum

196 610 225 666 et
239 601 323 684 quasi
337 601 571 680 praecurrentia,
586 598 735 678 inquibus
750 601 829 660 inest
840 599 950 680 aliquid
962 604 1145 680 argumenti;
1163 611 1194 664 ut
1205 620 1307 664 rerum

196 688 409 757 contentiones,
432 685 503 766 quid
517 685 620 755 maius
642 682 712 763 quid
728 701 790 763 par,
813 684 884 762 quid
899 687 997 747 minus
1012 688 1058 757 sit,
1080 689 1111 748 in
1133 686 1241 766 quibus
1257 696 1308 748 aut

194 779 317 834 naturae
339 789 440 833 rerum
461 779 511 831 ant
530 768 683 831 facultates
705 776 925 848 comparantur.
1014 771 1094 833 (1.7.
1125 771 1309 833 Omnibusne
1327 769 1395 854 3,s

193 857 284 935 igitur
300 875 336 918 cx
350 856 414 918 istis
425 853 499 916 locis
514 861 687 934 argumenta
701 855 872 915 sumemus?
902 853 934 915 C.
948 854 982 915 P.
998 853 1092 916 immo
1109 874 1178 917 vero
1194 864 1307 927 scruta·

194 941 295 1003 bimur
311 947 340 1001 et
355 957 530 1020 quaeremus
546 957 581 999 ex
596 937 742 1007 omnibus,
758 937 811 1000 sed
826 937 1033 1001 adhibebimus
1047 939 1201 1009 iudicium,
1219 951 1251 1002 ut
1266 941 1309 1003 le·

193 1028 239 1087 ria
255 1043 373 1105 semper
390 1025 548 1094 eliciamus,
565 1040 788 1102 nonnumquam
803 1024 892 1084 etiam
908 1026 1076 1086 communia
1090 1028 1310 1102 praetermitta-

193 1127 261 1172 mus
276 1117 306 1170 et
325 1128 386 1171 non
406 1109 582 1172 necessaria.
619 1107 650 1169 C.
671 1107 705 1168 F.
728 1107 875 1179 Quoniam
897 1108 933 1169 de
954 1108 1012 1170 lide
1031 1109 1221 1187 respondisti,
1244 1110 1309 1171 volo

194 1193 299 1256 audire
314 1194 350 1256 de
365 1201 457 1258 motu.
492 1195 522 1256 C.
538 1192 571 1254 P.
593 1192 672 1254 Loco
694 1198 726 1253 tu
742 1191 861 1271 quidem
877 1194 1003 1272 quaeris,
1031 1193 1083 1254 sed
1099 1192 1214 1272 planius
1230 1194 1309 1274 quod

227 1443 727 1514 peaerapartiamGattungsbegridede

195 1531 233 1565 or.
247 1517 269 1565 ll
277 1518 363 1576 40167
375 1531 408 1565 ex
420 1530 513 1581 genere
525 1523 623 1564 autem:
637 1516 659 1568 si
672 1527 726 1562 ma-

194 1585 318 1648 gistratus
333 1585 358 1632 in
368 1583 460 1649 populi
474 1583 584 1632 Romani
601 1589 727 1648 potestate

195 1666 253 1700 esse
264 1651 365 1710 debent,
378 1650 440 1713 quid
448 1650 598 1700 Norbanum
610 1664 725 1709 accusas,

195 1719 268 1768 cuiue
279 1719 420 1770 tribunatus
430 1717 555 1768 voluntati
567 1719 653 1782 paruit
665 1717 727 1767 civi-

195 1787 263 1838 tatis.
281 1785 342 1852 Tap.
356 1789 380 1846 3,
394 1796 428 1837 ts.

227 1885 318 1943 partes
335 1876 526 1945 Uuterbegriffe.
551 1879 583 1930 de
596 1892 632 1929 or.
648 1879 726 1937 1140,

195 1955 233 1996 168
245 1961 277 1995 ex
293 1957 367 2014 parte
378 1956 462 1997 autem
475 1961 513 2008 ea,
532 1962 598 2010 quae
616 1956 655 1996 est
666 1945 728 1996 suh-

193 2014 259 2064 ieeta
270 2015 371 2080 generi:
393 2016 415 2064 si
430 2015 575 2077 omnesqui
594 2016 629 2064 rei
645 2014 728 2080 publi-

193 2097 238 2131 cae
250 2083 393 2139 consulunt,
406 2084 458 2132 cari
469 2083 544 2134 uobis
557 2097 615 2132 esse
626 2082 727 2142 debent,

195 2160 261 2198 eerte
281 2151 400 2214 inprimis
418 2151 596 2214 imperatores,
617 2163 727 2212 quorum

194 2215 320 2275 consiliis,
333 2217 434 2278 virtute,
454 2216 575 2282 perieulis
587 2217 725 2266 retinemus

195 2293 220 2332 et
232 2293 346 2333 nostram
358 2283 466 2334 salutem
483 2293 507 2334 et
522 2284 623 2350 imperii
641 2283 727 2348 digni·

197 2360 283 2402 tatem.

226 2445 426 2509 praecurrentia
436 2443 680 2496 dishnteasieatien
693 2444 726 2508 (s.

196 2512 388 2575 consentanea).

227 2607 458 2666 contenebrescit,
475 2616 509 2657 95.
527 2605 592 2671 Tap.
609 2608 634 2665 8,
652 2617 676 2655 11
694 2620 727 2655 ex

194 2676 385 2753 comparatione
405 2676 530 2725 maiorum
554 2682 599 2723 ant
625 2674 726 2739 parium

194 2754 238 2789 aut
250 2755 387 2792 minorum.

228 2835 307 2882 anaim
319 2834 351 2882 de
364 2848 402 2888 ar.
414 2835 489 2894 1140,
503 2844 544 2891 lte,
557 2836 579 2885 si
592 2834 659 2883 bona
671 2834 726 2883 exi-

194 2900 306 2949 stimatio
327 2900 423 2950 divitiis
440 2910 553 2967 praestat
574 2911 598 2951 et
618 2904 726 2967 pecunia

194 2977 328 3032 tantopere
336 2970 471 3033 expetitur,
480 2979 576 3031 quanto
586 2969 668 3035 gloria
673 2984 727 3018 ma·

194 3035 236 3099 gis
249 3044 288 3084 est
300 3036 451 3100 expetenda.

226 3142 279 3191 par
290 3125 322 3176 de
334 3128 391 3179 or.l.
399 3128 416 3182 l.
430 3143 463 3177 ex
474 3130 531 3193 puri
543 3130 591 3179 sic:
611 3137 650 3178 est
658 3128 727 3177 eius-

194 3193 252 3244 dem
265 3203 290 3243 et
301 3195 398 3259 eripere
411 3204 435 3245 et
446 3206 532 3245 contra
544 3195 726 3262 rempublicam

193 3262 282 3327 largiri
292 3264 425 3327 pecunias.

227 3358 307 3421 minas
322 3356 354 3405 de
371 3370 407 3405 or.
425 3355 441 3407 l.
459 3357 476 3407 l.
499 3371 532 3406 ax
547 3357 656 3407 minore:
684 3356 725 3405 hic

123 3468 128 3477 ,
194 3424 725 3487 parvaeconsnetndiuiscausahuiusmor-

194 3500 245 3540 tem
257 3503 309 3541 tam
321 3492 371 3541 lert
381 3491 546 3552 familiariter,
559 3493 622 3555 quid
634 3494 657 3542 si
669 3493 726 3558 ipse

195 3560 323 3608 amasset?
348 3560 409 3620 quid
421 3560 462 3609 hio
473 3560 536 3609 mihi
548 3559 624 3609 saciet
639 3560 724 3626 patri?

229 3656 337 3701 naturae
347 3666 433 3701 ream
445 3653 485 3711 11,
495 3661 521 3701 et
533 3649 587 3712 (10,
596 3652 632 3714 aa)
646 3653 726 3701 bona-

195 3732 250 3766 rum
264 3728 288 3767 et
304 3717 440 3776 malarunm
462 3718 600 3781 facultates
619 3719 727 3769 Vermi-

195 3784 429 3904 qssqggrhiltnisse
463 3785 515 3836 und
544 3786 637 3837 andere
665 3784 726 3835 Um-

196 4021 206 4063 t
229 3946 572 4077 3,8)alietracdatioiocorum
584 3947 725 4013 (anquaten-

206 4030 276 4065 orum
292 4051 298 4067 .

228 4110 299 4158 immo
310 4084 469 4171 oerobejaht
480 4123 557 4169 zuar,
570 4108 630 4159 aber
642 4108 725 4173 gleieh

196 4176 243 4224 mit
252 4176 365 4225 Hinweis
382 4174 482 4225 auidis
499 4176 660 4226 unmittelbar
677 4176 726 4226 lol-

196 4241 278 4305 gende
290 4240 491 4311 Beschrainlsung
501 4242 579 4309 (sed).

230 4334 399 4388 adhibebimus
414 4345 461 4388 etc.
486 4334 529 4389 Or.
546 4336 591 4401 15,
608 4336 657 4389 tri
679 4352 725 4388 nec

778 1460 838 1496 vero
854 1456 939 1496 utetur
958 1446 1132 1512 imprudenter
1153 1447 1202 1498 hac
1223 1451 1309 1514 copia,

777 1514 824 1563 sed
842 1515 928 1564 omnia
944 1514 1072 1579 expendet
1087 1526 1112 1565 et
1132 1515 1235 1582 seligam
1255 1531 1307 1566 non

777 1581 845 1631 enim
862 1597 964 1648 semper
980 1597 1028 1632 nec
1043 1584 1070 1632 in
1090 1585 1208 1634 omnibus
1226 1585 1311 1634 causis

778 1649 867 1699 eadem
879 1660 1088 1715 argumentorum
1100 1662 1229 1701 momenta
1241 1663 1310 1705 suut.

777 1717 904 1768 Iudicium
914 1719 924 1767 i
940 1720 992 1769 itur
1002 1718 1131 1770 adhibebit
1143 1734 1189 1768 aec
1202 1721 1313 1770 inveniet

778 1785 862 1835 solum
875 1734 939 1848 qutg
948 1785 1016 1836 dicat
1029 1786 1160 1836 sedetiam
1170 1787 1310 1852 expendam

780 1878 812 1890 -
824 1853 952 1904 interdum
973 1870 1005 1903 ax
1025 1853 1076 1903 illis
1098 1854 1161 1904 locis
1183 1864 1227 1904 aut
1246 1857 1312 1906 lenia

779 1921 906 1982 quaedam
927 1931 972 1971 ant
987 1924 1073 1972 carnis
1093 1923 1177 1974 αὶίωα
1197 1932 1241 1972 aut
1262 1939 1311 1974 noa

777 1990 850 2039 ntilm
866 1991 1016 2054 gignuntur,
1034 2004 1144 2052 quorum
1156 1991 1188 2040 ab
1202 1993 1311 2041 oratoris

778 2057 873 2106 iudicio
886 2057 1042 2119 delectus-
1053 2057 1221 2108 adhibebitur.

811 2159 928 2207 iudicium
953 2160 992 2216 17,
1016 2167 1043 2208 58
1066 2157 1161 2217 dritta,
1190 2157 1312 2207 laritisehe

779 2223 905 2288 Sichtung
916 2224 948 2275 de
961 2239 997 2277 or.
1009 2224 1033 2273 ΙΙ
1045 2226 1086 2283 76,
1099 2235 1137 2275 sut
1148 2239 1215 2286 quae
1226 2234 1312 2282 autern

778 2291 850 2341 utilia
862 2300 922 2342 suut
938 2299 1016 2354 atque
1030 2291 1113 2352 dama,
1131 2293 1154 2341 si
1171 2307 1201 2342 ea
1217 2301 1311 2357 tamen,

778 2369 807 2409 ut
818 2373 897 2425 saepe
906 2358 942 2419 lit,
954 2359 1029 2411 valde
1037 2359 1116 2410 multa
1125 2369 1193 2420 suut,
1207 2375 1312 2423 eaquae

779 2442 812 2477 ex
823 2428 860 2477 eis
870 2427 1051 2478 autlevissima
1061 2437 1121 2479 sunt
1129 2437 1173 2478 eut
1183 2427 1240 2479 aliis
1250 2444 1311 2495 gra-

778 2496 892 2546 vioribus
909 2496 1065 2556 consimilia,
1083 2498 1181 2546 secerni
1201 2497 1312 2547 arbitror
1380 2510 1384 2515 ’

779 2573 897 2630 oportere
907 2575 985 2627 atque
1000 2579 1032 2613 ex
1045 2565 1160 2614 oratione
1177 2568 1310 2617 removeri.

777 2630 904 2695 Equidem
915 2647 973 2681 cum
985 2631 1078 2698 colligo
1088 2643 1239 2697 argumenta
1250 2648 1311 2683 oau-

777 2714 873 2758 sarum,
891 2713 943 2749 non
959 2709 1012 2750 tam
1032 2716 1062 2751 ea
1085 2714 1218 2751 numerare
1238 2701 1309 2751 soleo
1341 2734 1343 2738 -

777 2782 855 2830 quam
868 2766 1021 2833 expendere.

811 2870 877 2919 leuia
896 2868 929 2917 de
943 2883 980 2918 or.
997 2869 1020 2917 11
1036 2870 1077 2931 76,
1089 2878 1128 2920 aas
1150 2869 1197 2918 sed
1221 2884 1309 2918 eorum

777 2937 870 3000 partim
883 2936 1074 2999 balerianum,
1088 2945 1116 2986 ut
1125 2938 1309 2986 contemnenda

778 3005 840 3052 sint.

811 3104 949 3154 commonia
960 3118 993 3153 zu
1004 3103 1167 3170 allgemeiner
1178 3103 1266 3167 Natat,
1279 3120 1309 3155 so

777 3171 838 3221 dass
851 3172 890 3221 sie
899 3170 941 3220 liar
952 3171 1001 3221 den
1011 3182 1144 3222 concreten
1156 3172 1208 3222 Fall
1226 3173 1310 3223 nichts

776 3238 875 3289 rechtes
885 3239 1024 3298 beweisen3
1043 3256 1094 3291 non
1105 3242 1252 3291 necessaria
1262 3256 1310 3289 un·

777 3306 932 3365 wesentlich‚
941 3308 983 3357 die
995 3308 1167 3359 unbeschadet
1178 3306 1310 3359 derSache

776 3374 933 3441 wegbleiben
945 3376 1054 3429 konnen.

811 3477 844 3526 de
851 3477 906 3540 fide
919 3476 960 3525 die
972 3475 1186 3541 Beweishilirung
1202 3476 1242 3527 liir
1259 3478 1308 3527 den

777 3542 906 3593 Verstand
917 3545 942 3602 2,
955 3553 981 3605 53
994 3545 1036 3605 20,
1048 3553 1082 3593 ss.

809 3638 865 3688 leco
877 3650 909 3685 an
927 3635 1001 3684 richti
1020 3651 1047 3686 er
1057 3634 1133 3686 Stelle
1147 3637 1183 3684 im
1195 3634 1307 3700 System‚

776 3703 845 3753 daun
858 3703 923 3753 nach
935 3705 960 3763 2,
972 3714 985 3754 a
1001 3650 1067 3769 bilgt
1078 3704 1149 3754 dieas
1159 3703 1238 3768 jatat3
1257 3703 1309 3754 last

777 3771 1004 3837 gleichbedeutend
1020 3773 1067 3820 mit
1087 3785 1135 3821 suo
1149 3770 1205 3822 lacu
1223 3770 1258 3832 (8,
1271 3773 1307 3834 el)

776 3841 808 3887 de
821 3854 858 3890 or.
876 3840 910 3888 Ill
922 3840 963 3898 38,
979 3849 1016 3889 153
1032 3838 1125 3902 quibus
1142 3838 1197 3892 loco
1214 3842 1307 3905 positis

778 3906 814 3964 (d.
827 3908 853 3957 h.
865 3906 936 3957 recht
950 3905 1117 3972 angebracht)
1134 3906 1256 3973 grandior
1269 3919 1307 3957 st-

777 3988 827 4035 que
838 3975 1054 4037 antiquiororatio
1061 3988 1139 4040 saepe
1150 3975 1307 4025 viderisolet.

776 4039 848 4090 Brut.
853 4044 895 4100 79,
905 4052 942 4091 aaa
953 4041 1049 4090 nullum
1058 4043 1108 4092 nisi
1118 4043 1174 4092 loco
1184 4045 1307 4108 positum.

776 4108 841 4174 'lop-
853 4109 896 4171 26,
909 4118 954 4160 100.
964 4109 996 4158 de
1007 4109 1056 4175 leg.
1069 4111 1103 4159 ΠΙ
1121 4112 1160 4171 18,
1172 4121 1199 4161 to
1210 4119 1238 4160 ut
1251 4109 1307 4158 loco

776 4176 845 4226 dicat
856 4175 882 4226 id
895 4187 934 4226 est
944 4186 1059 4243 rogatus.

806 4271 910 4335 plancius
921 4270 964 4335 38,
977 4280 1027 4328 lem
1040 4270 1104 4336 Top.
1117 4272 1174 4329 6,ae
1186 4267 1232 4318 sed
1244 4268 1307 4331 quid

775 4338 998 4389 intersedilieraut
1006 4338 1108 4404 planius
1117 4335 1308 4387 dicendumest.
