3067 4900
276 315 318 381 82
578 321 674 376 rann.
690 320 788 377 onan.
811 319 859 384 34,
876 320 1017 384 tre-35,
1033 323 1091 375 ne.

277 487 382 550 salsum
400 495 456 556 est,
473 503 560 566 posse
575 494 656 547 recte
673 502 732 546 non
749 485 846 554 credi;
869 483 1027 546 virobono
1044 494 1073 546 et
1087 487 1173 548 firmo
1185 489 1249 549 sine
1264 490 1333 549 vitio
1349 491 1395 550 iu·

277 574 350 634 dicis
371 589 431 632 non
453 589 542 649 posse
563 588 621 632 non
644 571 734 632 credi.
781 572 875 648 Atque
896 570 999 639 etiam,
1021 572 1046 630 si
1065 570 1186 632 obscuri
1200 580 1291 634 testes
1306 582 1396 635 erunt

276 666 327 720 aut
340 666 454 725 tenues,
471 654 627 716 dicendum
643 656 713 725 erit,
729 671 789 714 non
804 673 869 715 esse
885 673 921 715 en
936 653 1054 715 fortuna
1069 654 1156 716 iidem
1171 656 1394 736 ponderandam

276 750 328 804 aut
343 759 393 802 eos
409 758 473 801 esse
489 740 630 819 cuiusque
645 738 891 819 locupletissimos
905 745 1010 809 testes,
1027 740 1138 819 quiid,
1155 741 1265 821 dequo
1280 752 1396 821 agatur,

276 823 416 888 facillime
432 827 508 886 scire
522 827 646 904 possint.
692 825 743 886 Sin
759 825 946 904 quaestiones
961 822 1081 886 habitae
1101 833 1152 885 aut
1165 826 1336 905 postulatio,
1363 836 1397 888 ut

276 910 451 980 habeantur,
468 927 586 971 oausam
603 908 790 978 adiuvabunt,
807 907 1043 969 confirmandum
1058 926 1152 987 genus
1165 912 1295 989 primum
1306 928 1395 990 quae-

276 997 404 1057 stionum
429 996 498 1055 erit:
522 993 679 1055 dicendum
701 993 737 1054 de
759 995 785 1051 vi
806 990 929 1061 doloris,
951 993 988 1052 de
1004 994 1144 1071 opinione
1164 997 1324 1065 maiorum,
1346 997 1395 1075 qui

203 1089 254 1141 118
276 1098 341 1141 eam
357 1097 422 1139 rem
438 1086 544 1148 totam,
571 1079 628 1138 nisi
643 1075 833 1155 probassent,
859 1084 941 1136 certe
954 1077 1175 1156 repudiassent;
1203 1079 1240 1143 de
1255 1081 1395 1141 institutis

277 1164 507 1232 Atheniensium,
524 1161 716 1231 Rhodiorum,
733 1161 970 1222 doctissimorum
986 1161 1147 1234 hominum,
1164 1164 1242 1243 apud
1254 1182 1329 1245 quos
1341 1166 1394 1226 eti·

277 1267 322 1310 arn
339 1281 381 1292 —-
395 1247 423 1309 id
440 1246 517 1325 quod
534 1245 756 1308 acerbissimum
772 1253 816 1307 est
833 1280 868 1290 -
886 1244 977 1321 liberi,
989 1248 1124 1326 civesque
1144 1254 1335 1329 torquentur,
1357 1249 1394 1308 de

277 1340 447 1394 nostrorum
464 1333 551 1392 etiam
567 1331 864 1409 prudentissimorum
880 1331 1032 1391 hominum
1048 1331 1199 1403 institutis,
1216 1336 1267 1412 qui
1281 1352 1349 1393 oum
1363 1335 1394 1392 in

278 1419 413 1479 dominos
422 1415 465 1476 de
481 1418 572 1476 servis
593 1417 697 1496 quaeri
712 1415 889 1482 noluissent,
911 1415 948 1478 de
969 1416 1083 1476 incestu
1098 1422 1198 1477 tamen
1214 1425 1244 1478 et
1259 1419 1394 1479 coniura-

277 1505 372 1570 tione,
401 1500 573 1580 quaefacta
593 1519 640 1561 me
657 1500 779 1562 consule
794 1507 852 1570 est,
877 1499 1079 1577 quaerendum
1095 1509 1280 1578 putaverunt.
1324 1500 1394 1562 irri-

278 1584 373 1646 denda
390 1586 476 1646 etiam
494 1584 651 1663 disputatio
667 1593 725 1655 est,
748 1603 804 1664 qua
821 1583 918 1646 solent
932 1585 975 1645 uti
990 1584 1026 1645 ad
1040 1584 1232 1646 infirmandas
1246 1588 1393 1666 quaestio·

276 1687 338 1740 nes,
356 1678 385 1730 et
399 1668 537 1739 meditata
552 1668 733 1749 puerilisque
749 1668 881 1730 dicenda.
904 1669 983 1739 Tum
993 1669 1126 1731 iacienda
1138 1670 1221 1740 fides,
1238 1669 1394 1750 dibgenter

278 1773 342 1816 esse
360 1753 389 1814 et‘
408 1755 472 1814 sine
493 1754 651 1832 cupiditate
673 1756 838 1832 quaesitum
860 1752 995 1832 dictaque
1015 1756 1194 1832 quaestionis
1214 1757 1394 1834 argumentis

278 1848 306 1900 et
322 1840 491 1898 coniectura
510 1839 711 1914 ponderanda.
746 1839 851 1916 *Atque
872 1837 946 1898 haee
966 1841 1162 1900 accusationis
1182 1839 1245 1900 iere
1260 1840 1394 1900 membra

177 1920 373 2005 35,119sunt.
447 1921 632 1983 Defensionis
646 1930 742 1984 autem
759 1924 889 2002 primum
903 1923 1062 1984 infirmatio
1077 1941 1245 1994 causarum,
1267 1933 1394 1985 autnon

310 2079 389 2124 reales
398 2064 538 2139 μάρτυρες
551 2075 591 2132 14,
604 2083 637 2124 to.
862 2072 997 2138 indignum
1014 2088 1072 2123 esse
1090 2084 1115 2124 et
1131 2073 1226 2124 domini
1243 2084 1323 2125 morte
1335 2077 1394 2140 ipsa

309 2143 415 2205 fortuna
428 2143 469 2200 10,
482 2150 515 2191 tt.
861 2141 976 2204 tristius3
988 2142 1031 2190 die
1041 2143 1098 2191 eine
1109 2140 1287 2206 allgemeinere'
1294 2153 1394 2208 gesetz-

311 2211 429 2275 eumque
441 2209 489 2258 wie
500 2208 567 2274 Top.
578 2209 602 2268 7,
611 2219 644 2268 sl,
658 2223 731 2258 wenn
741 2208 812 2258 nicht
861 2207 927 2258 liobe
938 2209 1088 2258 Ausnahme
1098 2224 1149 2259 von
1161 2210 1245 2259 dieser
1255 2209 1335 2276 Regel
1346 2210 1394 2260 hil-

278 2291 311 2326 en
328 2277 419 2327 beiden
431 2274 524 2326 Stelien
541 2277 665 2339 cuiusque
677 2279 712 2326 rei
730 2291 762 2325 zu
774 2277 812 2326 le·
861 2275 920 2326 dete
931 2276 973 2326 die
984 2276 1122 2342 Folterung
1133 2278 1179 2326 der
1190 2275 1297 2327 Selenen
1316 2279 1341 2326 in
1353 2293 1394 2328 ce-

279 2359 325 2394 sen
336 2347 378 2398 ist.
862 2354 910 2408 put
926 2344 1023 2393 domini
1039 2345 1106 2395 beim
1119 2344 1279 2395 Verbreehen
1295 2345 1340 2395 des
1352 2347 1394 2395 In-

313 2411 473 2479 quaesta'oaea
486 2403 611 2475 βάσανος
623 2411 715 2461 Tortur
724 2413 765 2471 14,
776 2421 810 2462 oo.
862 2420 929 2461 cests
947 2426 974 2477 p.
987 2411 1038 2461 Mil.
1050 2411 1067 2461 l.
1080 2412 1096 2463 l.
1114 2412 1146 2463 de
1163 2413 1245 2464 servis
1258 2413 1328 2464 nuile
1339 2413 1395 2479 lege

279 2480 312 2529 ad
325 2479 382 2528 Her.
395 2478 417 2527 ll
430 2480 458 2538 t,
472 2490 498 2529 10
509 2494 526 2527 a,
537 2480 729 2541 quaestionibus
742 2478 812 2528 dice·
861 2480 978 2541 quaestio
995 2490 1034 2528 est
1049 2480 1075 2527 in
1092 2480 1224 2531 dominum
1242 2482 1292 2531 nisi
1307 2482 1339 2532 de
1355 2483 1396 2530 in-

280 2563 350 2609 mas,
367 2562 424 2596 oum
437 2548 682 2609 demonstrabimus,
700 2546 811 2596 maiores
863 2556 948 2611 cestu,
966 2556 994 2594 ut
1004 2545 1056 2595 fuit
1066 2547 1093 2595 in
1106 2544 1233 2606 Glodium3
1252 2548 1319 2597 daun
1333 2548 1393 2600 kam

279 2616 332 2663 veri
341 2614 486 2663 inveniendi
494 2629 572 2663 eausa
581 2616 713 2664 tormentis
723 2622 747 2663 et
756 2630 812 2663 eru·
862 2614 928 2663 noeb
946 2613 991 2662 der
1006 2614 1125 2679 specielle
1136 2615 1190 2665 Feli
1207 2618 1234 2665 in
1251 2616 1297 2665 der
1308 2615 1396 2666 cetin-

280 2683 347 2729 oiatu
366 2680 478 2730 voluisse
499 2682 585 2742 quaeri
604 2690 628 2729 et
645 2695 745 2731 summo
767 2681 812 2730 do·
861 2680 1003 2731 nerisohen
1014 2681 1233 2750 Versehwbrung‚
1245 2686 1272 2733 in
1284 2684 1341 2733 dem
1354 2684 1396 2733 die

279 2750 333 2798 lore
344 2748 460 2797 homines
473 2748 540 2812 cogi,
554 2757 582 2796 ut
594 2747 716 2810 qtridquid
730 2748 813 2798 seiont
862 2748 1001 2814 Foiterung
1012 2749 1057 2798 der
1069 2748 1176 2800 Selenen
1188 2752 1233 2801 der
1241 2751 1394 2801 Versehrro-

278 2818 373 2867 dicant.
862 2830 939 2865 renen
952 2815 1032 2865 durch
1044 2818 1091 2867 das
1103 2818 1229 2869 bekannte
1240 2818 1395 2869 Senetseon-

314 2893 352 2934 118
375 2882 564 2933 Atheniensium
587 2882 629 2932 die
653 2882 744 2932 Tortor
766 2882 812 2932 der
862 2883 914 2933 suit
932 2882 1396 2949 (8116111130)1111101111-

280 2950 385 3000 Selenen
401 2950 427 2999 in
440 2948 525 2999 Athen
541 2952 610 3001 ward
622 2951 648 3000 in
661 2949 814 3016 Gegenwart
861 2951 940 3001 licher
951 2952 1041 3002 Weise
1052 2962 1171 3017 gestattet
1180 2955 1260 3004 werd.

280 3016 515 3083 gemeinschaftlich
528 3018 656 3069 bestellter
669 3016 813 3069 Obmiinner
876 3021 1038 3083 eumatio
1058 3021 1105 3071 des
1125 3020 1325 3082 Reisonnement,
1346 3022 1395 3069 wie

280 3099 490 3151 vergenommen;
520 3100 579 3135 man
608 3086 702 3137 honnte
732 3086 812 3137 sowol
863 3101 891 3135 es
906 3085 1003 3136 Cicero
1028 3088 1090 3137 eben
1113 3103 1203 3154 wegen
1223 3088 1301 3152 ,jones
1325 3089 1396 3138 Ans-

280 3154 445 3217 seineeigueu
452 3150 557 3205 Soloven
567 3154 764 3215 dozuanbieten,
774 3154 812 3204 ads
863 3153 1015 3204 nahmefalls
1024 3156 1049 3203 in
1059 3155 1105 3205 der
1114 3154 1322 3207 Catilinarisehen
1330 3157 1396 3205 Ver-

280 3220 345 3267 euob
356 3219 397 3267 die
407 3218 452 3267 des
461 3218 575 3283 Gegners
590 3220 656 3269 daza
665 3221 813 3286 verlangen.
863 3221 1018 3287 schwdrung
1041 3221 1078 3272 oft
1097 3222 1166 3273 hatte
1186 3224 1264 3273 boren
1280 3226 1394 3281 meissen,

281 3284 367 3349 Gegen
384 3284 455 3333 Freie
472 3285 513 3333 die
530 3286 623 3335 Tortur
638 3290 813 3337 anzuwenden
863 3289 906 3338 die
917 3291 1088 3355 Anwendung
1103 3290 1148 3339 der
1164 3290 1248 3338 Folter
1265 3289 1303 3337 sei
1318 3288 1395 3336 inhu-

280 3367 334 3401 war
345 3350 425 3401 durch
438 3352 477 3400 ein
494 3352 648 3401 besonderes
661 3352 813 3418 Psephisme
863 3370 923 3403 men
936 3356 1011 3415 oder,
1030 3356 1111 3405 dolori
1122 3356 1190 3405 credi
1204 3369 1254 3405 non
1266 3364 1393 3419 oportere,

281 3420 415 3477 verboten3
863 3422 934 3483 qnod
945 3421 1010 3471 elius
1022 3422 1072 3470 elio
1084 3424 1209 3472 recentior
1219 3424 1255 3472 sit
1261 3424 1289 3471 in
1297 3422 1393 3481 dolore,

315 3489 386 3553 opud
396 3502 459 3553 quoa
470 3484 531 3552 geht
542 3485 621 3558 daher
629 3485 755 3543 entweder
764 3501 813 3535 nur
863 3487 933 3549 qnod
955 3489 1114 3552 ingeniosior
1137 3489 1170 3538 ad
1193 3490 1394 3540 eminisoendum

282 3554 328 3605 atri
336 3556 383 3605 das
393 3553 812 3621 ndohstvorhergehendeRhodio·
862 3554 1012 3618 (odilerii
1025 3558 1049 3616 l,
1062 3556 1097 3617 to)
1111 3572 1135 3605 u.
1148 3556 1200 3621 dgl.

281 3638 337 3671 rum
356 3622 418 3673 oder
430 3638 457 3671 es
469 3622 569 3672 bezieht
580 3623 635 3673 sich
647 3623 688 3673 die
699 3624 812 3673 Aeusse-
895 3623 1017 3673 meditata
1028 3623 1147 3688 gesueht,
1158 3625 1321 3685 tendenzids,
1331 3640 1395 3689 pue—

281 3706 348 3755 rung
361 3689 461 3740 Ciceros
479 3689 525 3738 auf
538 3691 586 3739 den
605 3691 677 3747 einen
696 3691 756 3740 oder
768 3706 813 3740 en·
862 3692 919 3741 ritis
929 3690 1048 3740 hindiseh
1060 3690 1092 3739 de
1104 3706 1142 3743 or.
1152 3693 1164 3741 I
1176 3693 1203 3757 6,
1215 3703 1251 3742 ro.

283 3758 344 3807 dern
356 3758 409 3807 Feli
420 3757 447 3806 in
460 3759 578 3822 spdteren
591 3757 684 3809 Zeiten.
897 3759 1014 3824 dietaque
1034 3759 1081 3808 des
1102 3758 1215 3809 Gewieht
1234 3760 1279 3809 der
1299 3759 1395 3809 Folter*

315 3826 564 3887 prodenturtmorom
602 3837 652 3873 von
687 3824 812 3890 tiichtiger
862 3840 992 3891 aussagen
1004 3839 1076 3876 muss
1088 3827 1153 3876 neeh
1161 3828 1220 3877 dem
1229 3826 1342 3877 Gewioht
1350 3826 1396 3875 der

282 3890 440 3954 prektisoher
493 3891 608 3941 Elusioht
662 3890 812 3954 (besonders
863 3893 978 3958 zugleioh
995 3895 1023 3942 in
1038 3894 1080 3943 die
1095 3894 1252 3960 Wagschale
1268 3894 1394 3943 iolienden

283 3956 542 4025 rechtsverstdndiger
564 3958 653 4025 Lente)
686 3960 717 4009 de
742 3975 778 4011 or.
803 3962 814 4009 Ι
862 3959 1029 4025 cigentiieben
1041 3959 1155 4012 Beweise
1166 3963 1219 4026 (die
1230 3962 1339 4018 πίστεις
1351 3954 1395 4012 ἔν·

284 4025 325 4085 lb,
343 4034 376 4073 to.
489 4042 490 4047 ¹
863 4029 969 4095 τεχνοι)
985 4029 1039 4078 und
1050 4030 1189 4080 besonders
1202 4031 1247 4080 des
1259 4028 1394 4091 conjectu-

317 4092 567 4155 indoneiooepbiil.
581 4096 622 4157 22,
635 4095 814 4149 ossedtamen
862 4096 1022 4146 ralbeweises
1047 4093 1108 4158 (32,
1133 4109 1171 4149 110
1194 4096 1229 4159 ff)
1256 4095 1393 4146 bemessen

283 4162 394 4210 maiores
410 4160 489 4210 nostri
504 4160 530 4207 in
547 4161 679 4212 dominum
695 4164 813 4213 deservo
862 4161 972 4212 ¹werden.

286 4228 374 4289 quaeri
385 4226 532 4286 noluerunt,
549 4242 598 4277 non
615 4232 738 4291 quianon
750 4244 813 4295 pos·
896 4232 992 4292 35,11⁹
1007 4244 1139 4282 emesenae
1155 4232 1204 4279 wie
1220 4232 1259 4280 sie
1269 4231 1314 4281 der
1326 4230 1393 4296 Geg-

286 4305 419 4345 serverum
429 4294 544 4355 inveniri,
558 4294 602 4343 sed
612 4299 672 4357 quie
680 4297 813 4346 videbatur
854 4295 1019 4361 ¹ner'geltend
1028 4300 1148 4365 'gemacht
1158 4298 1210 4348 hat.
