3067 4900
479 359 576 417 erar.
593 358 752 421 011111,
768 361 894 424 44-13,
911 365 952 418 rs.
1199 352 1272 424 '51

163 529 216 589 ciis
231 545 289 588 non
306 527 425 596 babent,
442 527 472 587 iu
489 523 590 585 liberis
606 524 866 604 disceptationibus
880 525 991 588 babere
1005 536 1137 606 possunt·
1167 529 1230 591 Hoc
1244 531 1274 589 in

162 631 281 692 genere,
297 614 328 672 in
344 629 401 690 quo
418 608 503 689 quale
518 610 555 669 sit
570 610 789 687 quaeritur,.ex
804 612 1016 688 controversia,
1032 613 1097 673 iure
1113 620 1142 673 et
1156 621 1275 679 rectene

163 706 259 759 actum
275 699 312 758 sit
327 695 431 775 quaeri
445 693 534 762 solet;
558 711 685 773 quorum
705 694 863 774 disputatio
879 714 914 756 ex
928 694 1062 757 locorum
1078 697 1276 776 descriptione

162 781 305 842 sumenda
320 789 372 841 est.
461 779 491 840 C.
508 779 540 838 F.
564 779 665 856 Agesis
681 797 761 856 ergo,
777 781 917 858 quoniam
933 781 964 840 in
978 781 1231 843 confirmationem
1247 790 1276 842 et
1297 790 1331 838 44

161 866 424 944 reprehensionem
446 863 586 923 diviseras
606 863 747 923 orationis
767 863 856 924 iidem
878 871 908 924 et
927 864 1038 924 dictum
1059 865 1096 925 de
1110 864 1204 927 altero
1219 874 1274 937 est,
1429 863 1431 867 ’

162 969 276 1030 expone
290 967 371 1011 nunc
386 949 422 1010 de
437 947 692 1026 reprehendendo.
738 949 768 1010 C.
785 949 817 1009 P.
843 950 900 1010 Aut
917 955 1012 1009 totum
1034 954 1078 1010 est
1098 950 1275 1028 negandum,

161 1036 240 1116 quod
256 1036 288 1094 in
303 1034 556 1113 argumentatione
571 1032 754 1094 adversarius
769 1035 937 1117 sumpserit,
953 1036 979 1095 si
988 1034 1089 1094 fictum
1104 1041 1154 1096 aut
1167 1032 1276 1095 falsum

162 1137 226 1181 esse
247 1121 342 1197 possis
363 1118 484 1188 docere,
509 1125 560 1180 aut
578 1117 785 1194 redarguenda
806 1136 854 1188 ea,
878 1135 954 1197 quae
974 1135 1030 1196 pro
1052 1117 1276 1180 verisimilibus

161 1211 277 1281 sumpta
292 1209 372 1263 sunt:
396 1204 524 1283 primum
547 1200 636 1263 dubia
656 1208 771 1281 sumpta
787 1221 852 1264 csse
865 1220 921 1282 pro
936 1203 1040 1271 certis;
1064 1203 1170 1264 deinde
1186 1205 1275 1264 etiam

161 1291 189 1349 io
205 1289 361 1369 perspicue
377 1285 457 1348 falsis
479 1286 582 1348 eadem
604 1304 692 1365 posse
707 1285 779 1355 dici:
802 1297 865 1348 tum
881 1305 917 1347 ex
932 1287 989 1356 eis,
1013 1304 1090 1368 quae
1105 1289 1273 1366 sumpserit,

160 1391 221 1433 nou
237 1372 312 1433 effici
327 1371 406 1451 quod
421 1370 499 1432 velit.
532 1370 667 1432 Incidere
682 1378 781 1432 autem
796 1379 914 1451 oportet
928 1371 1058 1448 singula:
1082 1373 1125 1433 sic
1139 1373 1276 1434 universa

159 1458 343 1535 frangentur.
375 1454 639 1517 Commemoranda
659 1462 729 1516 sunt
750 1457 837 1517 etiam
854 1455 1001 1537 exempla,
1023 1455 1129 1536 quibus
1143 1455 1231 1518 simili
1244 1459 1277 1516 in

159 1543 356 1620 disputatione
368 1539 514 1601 creditum
525 1557 586 1600 non
594 1541 645 1610 sit;
658 1540 867 1620 conquerenda
878 1539 1012 1601 condicio
1022 1542 1186 1602 communis
1195 1541 1275 1622 peri·

161 1624 229 1696 culi,
242 1627 266 1686 si
277 1626 403 1703 ingeniis
413 1624 567 1685 bominum
574 1625 803 1688 criminosorum
809 1627 847 1686 sit
852 1627 983 1704 exposita
994 1626 1052 1685 vita
1063 1626 1274 1686 innocentium.

246 1710 276 1772 d.
298 1710 332 1769 F.
361 1709 506 1781 Quoniam
526 1710 605 1770 unde
624 1711 829 1779 inveniuntur,
850 1727 926 1789 quae
948 1709 985 1769 ad
1005 1709 1095 1770 fidem
1114 1711 1272 1788 pertinent,
1283 1703 1377 1790 13,45

160 1794 270 1862 habeo,
302 1793 549 1872 quemadmodum
578 1795 611 1853 in
640 1794 764 1857 diceudo
794 1793 910 1871 singula
925 1800 1099 1856 tractentur
1125 1801 1274 1872 exspecto.

161 1879 191 1941 G.
208 1879 241 1940 P.
264 1879 557 1957 Argumentationem
579 1897 723 1960 quaerere
743 1879 866 1949 videris,
888 1897 964 1959 quae
985 1886 1032 1941 est
1045 1880 1211 1957 argumenti
1226 1899 1275 1941 ex·

159 1963 291 2044 plioati⁰;
315 1982 390 2044 quae
405 1971 522 2042 sumpta
537 1981 573 2024 ex
587 1963 660 2025 locis
675 1966 725 2034 eis,
742 1966 793 2044 qui
809 1971 878 2024 sunt
893 1964 1030 2042 expositi,
1047 1963 1229 2024 conficienda
1244 1973 1275 2024 et

193 2121 220 2166 tn
241 2115 329 2166 liberio
349 2114 576 2180 disceptationibus
593 2141 626 2150 -
643 2117 693 2164 wie
742 2115 873 2164 concessis
885 2113 1030 2178 complexio
1043 2128 1076 2162 ex
1084 2115 1122 2163 eis
1131 2113 1222 2163 confici
1231 2129 1276 2162 ue-

160 2186 198 2233 sie
210 2192 275 2233 etwa
286 2185 321 2230 im
334 2179 413 2232 Sonat
431 2181 492 2230 oder
504 2182 546 2231 bei
558 2183 692 2247 eonstigen
743 2191 832 2247 gutur,
850 2190 894 2231 aut
911 2181 934 2230 si
945 2196 1027 2245 genus
1040 2181 1127 2246 ipsum
1138 2196 1276 2248 argumen-

159 2251 322 2314 Beratungeu
334 2249 515 2308 vorkommen‚
532 2263 573 2298 wo
591 2249 617 2298 in
634 2251 692 2299 dem

160 2317 297 2384 speciellen
305 2316 358 2366 Fall
368 2316 430 2365 eben
441 2314 630 2382 Begnadiguug
638 2318 693 2367 ein-

161 2393 241 2436 treten
253 2385 331 2434 kann.
355 2384 386 2433 de
399 2384 451 2436 inv.
464 2383 545 2444 1134,
558 2393 596 2436 105
608 2383 629 2433 ff
643 2384 692 2434 hoc

160 2469 241 2521 genus
255 2466 410 2517 quamquam
422 2454 448 2502 in
458 2452 559 2501 iudiciis
572 2466 623 2502 non
635 2468 692 2502 ver-

160 2533 231 2573 satur
250 2546 284 2557 —
304 2522 331 2570 in
352 2529 442 2570 senatu
467 2529 512 2569 aut
534 2520 561 2568 i'n
585 2521 692 2571 consilio

160 2604 274 2655 saepe·
282 2587 333 2650 (est
341 2588 512 2651 tractandum)
522 2587 621 2639 adHer.
630 2588 641 2637 I
651 2590 693 2649 14,

159 2668 185 2707 11
201 2671 262 2721 ergo
278 2658 304 2705 in
321 2656 444 2705 iudicium
461 2656 606 2717 convenit,
625 2657 694 2705 0110

160 2725 284 2783 senatum,
297 2724 331 2772 ad
342 2725 521 2789 imperatorem
533 2724 595 2773 etin
608 2726 693 2774 consi-

160 2792 222 2840 lium
234 2790 293 2841 talis
305 2804 384 2839 causa
395 2800 481 2854 potest
492 2792 584 2841 venire.

196 2874 231 2909 ea
242 2859 419 2908 controuersia
431 2883 462 2893 -
474 2860 567 2923 ,quaeri
576 2860 641 2909 eoi'et
658 2860 693 2907 ist

160 2928 201 2977 die
219 2926 274 2975 sich
291 2924 433 2975 erhebende
449 2926 501 2975 und
518 2941 552 2976 au
567 2926 692 2976 eutschei-

159 2994 242 3045 dende
254 2990 404 3057 Streitl'rage
415 2992 457 3042 die
468 2992 557 3042 iudicii
568 2994 692 3056 quaestio,

93 3073 95 3080 ’
159 3062 206 3112 das
219 3054 397 3126 κρινόμενον,
408 3059 568 3125 gcwdbulich
580 3060 658 3113 diese.

194 3136 220 3180 et
235 3135 339 3178 rectene
357 3127 425 3177 deun
440 3126 549 3177 manche
563 3127 693 3178 Rhetoren

160 3195 278 3247 machten
290 3210 337 3245 aus
349 3194 433 3245 dieser
445 3194 527 3260 Frage
540 3194 606 3244 noch
618 3196 692 3244 einen

159 3264 303 3315 besondern
313 3270 395 3313 status
407 3262 439 3311 de
452 3276 488 3316 or.
498 3262 522 3311 Π
531 3264 572 3323 26,
582 3273 620 3313 111
632 3277 692 3311 uam

159 3333 223 3382 illud
241 3331 357 3396 quidem,
383 3330 453 3392 quod
477 3330 581 3393 quidam
603 3328 691 3381 Graeci

159 3401 314 3465 adiungunt:
332 3408 433 3449 rectene
444 3396 539 3447 iactum
552 3399 596 3459 sit,
609 3408 691 3448 toturn

159 3468 187 3517 in
199 3480 229 3515 00
242 3476 280 3516 001
291 3467 366 3529 quale
377 3466 419 3516 sit.

194 3549 298 3599 quornm
314 3543 360 3583 etc.
394 3532 441 3582 Bai
456 3533 501 3582 der
517 3533 612 3599 Frage:
635 3534 691 3583 iure

161 3615 194 3650 00
206 3600 299 3649 iniuria
309 3600 402 3649 laetum
416 3600 451 3649 sit
466 3600 586 3649 kommen
598 3600 640 3650 die
652 3616 691 3650 er-

160 3667 281 3717 wihnten
298 3669 339 3728 11,
356 3664 411 3728 sii)
427 3664 692 3731 Beweitlmtegorieen

161 3727 265 3799 (τόποι,
279 3734 339 3796 1001)
351 3734 378 3781 10
390 3732 521 3793 Betraoht,
540 3733 581 3784 die
592 3732 693 3783 hierher

119 3810 138 3833 *
160 3802 284 3869 gehdrige
295 3800 451 3865 Erdrterung
466 3801 501 3851 iet
516 3800 571 3851 also
588 3816 635 3851 aus
648 3801 694 3851 der

160 3868 325 3934 Darstellung
337 3867 381 3918 der
393 3857 476 3919 τόποι
488 3883 521 3917 au
532 3868 693 3920 entnehmen.

195 3937 243 3987 Die
250 3936 374 3998 refutatio
385 3934 546 3997 (coniuratio,
556 3936 693 4003 reprehen-

163 4006 312 4069 01011111

195 4084 222 4123 44
233 4067 394 4138 diuiseraalii,
409 4068 489 4125 {ibim

197 4146 241 4190 act
257 4152 302 4191 etc.
321 4142 366 4199 to,
385 4150 435 4197 1393
457 4139 489 4189 dc
505 4140 557 4190 inv.
576 4140 650 4199 142,
668 4149 692 4191 11

163 4207 245 4256 omnis
258 4208 443 4273 argumentatio
455 4206 656 4272 reprehenditur,
669 4208 692 4257 ei

163 4283 209 4323 001
225 4288 256 4323 ex
273 4276 322 4337 010,
344 4291 408 4338 quae
425 4284 528 4341 sumpta
545 4285 617 4335 sunt,
640 4286 693 4325 nen

164 4341 311 4393 conceditur
326 4357 405 4394 uuum
421 4343 527 4410 plurave
543 4352 586 4393 aut
602 4358 634 4393 ex
649 4342 690 4393 his

744 2249 848 2299 tationis
868 2249 989 2298 vitiosum
1011 2248 1167 2313 ostenditur,
1187 2259 1232 2299 001
1252 2250 1276 2300 si

743 2325 832 2368 contra
847 2316 948 2365 firmem
964 2318 1209 2381 argumentationem
1225 2315 1276 2366 alia

743 2400 824 2447 aeque
837 2383 911 2433 firma
922 2394 967 2433 aut
978 2383 1075 2433 firmior
1086 2385 1199 2450 ponitur.

777 2454 892 2504 incidere
904 2451 1047 2502 cntkriiiteu
1059 2451 1091 2501 de
1105 2454 1274 2516 001111,οσ

744 2521 864 2570 inciditur
875 2521 943 2570 enirn
956 2521 1039 2569 omnis
1055 2521 1107 2569 iam
1118 2520 1275 2583 deliberatio,

744 2590 769 2638 si
784 2588 939 2653 intellegitur
955 2602 1007 2637 non
1023 2602 1103 2653 posse
1120 2588 1176 2638 lieri
1192 2599 1237 2638 ant
1252 2589 1276 2638 si

744 2657 884 2706 necessitas
895 2656 1008 2707 affertur.

777 2727 901 2775 crcditwn
912 2725 953 2785 14,
965 2736 1001 2775 11.

777 2793 886 2857 ingenite
901 2792 950 2841 den
962 2790 1153 2860 Erdichtungen
1168 2790 1214 2840 der
1226 2788 1275 2853 Sy-

743 2859 906 2925 kophanteu,
919 2858 961 2908 die
971 2857 1063 2923 irgend
1075 2859 1116 2907 ein
1128 2858 1222 2908 crimen
1235 2873 1275 2906 er-

743 2926 844 2975 100100
861 2927 914 2975 0οᾱ
931 2925 1000 2976 daun
1017 2926 1091 2975 einen
1106 2924 1203 2976 andern
1215 2924 1276 2975 des-

742 2993 830 3045 selben
844 2992 1041 3058 beschuldigen,
1063 2992 1118 3042 also
1134 2991 1185 3042 den
1200 2993 1275 3041 10101-

742 3075 810 3125 guen
823 3060 876 3109 und
888 3056 1027 3111 Cbikonen.

777 3158 825 3209 Die
847 3164 1031 3224 arpannentatio
1060 3160 1122 3211 oder
1144 3160 1191 3211 das
1215 3159 1275 3210 Be·
1305 3191 1307 3197 ,

742 3228 997 3279 weisveriahren
1010 3232 1050 3289 13,
1062 3238 1156 3281 15-41.

777 3331 823 3394 13,
835 3339 862 3380 15
873 3331 1076 3395 quenadmodum
1087 3356 1119 3367 —
1132 3336 1275 3380 tractentur

741 3398 775 3448 ad
786 3396 845 3448 Her.
857 3398 880 3447 Il
893 3400 934 3462 18,
946 3397 1010 3449 siff.
1028 3398 1060 3447 de
1071 3399 1122 3447 inv.
1133 3396 1273 3461 12111411.

740 3466 773 3516 de
784 3479 820 3515 or.
833 3466 909 3525 1141,
923 3475 968 3517 111.

775 3534 916 3597 argumenti
931 3534 1071 3596 explicatio
1090 3532 1133 3581 die
1152 3530 1274 3595 (richtige

743 3601 797 3651 und
816 3600 1029 3664 aweelimiissige)
1048 3598 1210 3664 Darlegung‚
1231 3597 1274 3646 die

742 3666 858 3719 iormelle
867 3665 1017 3731 Eutialtnng
1028 3667 1074 3716 des
1082 3664 1205 3716 materiell
1213 3678 1274 3715 vor-

742 3735 878 3786 handenen
893 3734 1030 3785 Beweiees.
1048 3734 1081 3798 de
1091 3735 1144 3786 inv.
1160 3733 1171 3781 l
1186 3733 1234 3799 40,
1247 3742 1273 3784 tt

742 3818 803 3852 nam
826 3803 1011 3869 argumentatio
1034 3802 1136 3852 nomine
1158 3814 1210 3849 uno
1230 3815 1272 3850 ree

743 3871 808 3920 duae
825 3869 969 3936 siguificat,
985 3870 1044 3920 ideo
1060 3868 1132 3931 quod
1147 3869 1272 3918 etinven-

741 3947 796 3987 tum
808 3938 919 3999 aliquam
931 3938 957 3986 in
968 3951 1022 3987 rem
1029 3935 1162 4003 probabile
1172 3945 1217 3986 001
1227 3952 1273 3985 00-

742 4006 883 4053 cessarium
910 4006 1097 4068 argumentatio
1119 4014 1224 4055 vocatur
1247 4012 1274 4053 01

742 4078 798 4123 eine
807 4072 903 4123 inventi
913 4073 1054 4135 artificiosa
1066 4073 1199 4137 expolitio.

777 4140 821 4205 qni
830 4145 888 4190 eum
900 4141 1013 4204 expositi
1023 4142 1048 4201 9,
1061 4151 1087 4192 st
1097 4140 1124 4192 11.

776 4209 934 4271 conficienda
952 4208 994 4258 die
1014 4207 1136 4273 Fribrung
1155 4206 1200 4255 dee
1222 4203 1271 4253 Be-

741 4276 833 4325 weises
844 4275 906 4341 geht
914 4290 966 4327 ron
978 4276 1028 4326 deu
1037 4275 1183 4326 erwahnteu
1195 4271 1271 4321 sedes

740 4353 947 4410 argumentorum
959 4358 1018 4409 aue,
1035 4340 1138 4407 eebipt't
1153 4354 1199 4390 aue
1216 4338 1271 4390 die·

1070 4425 1117 4487 4*
