3067 4900
591 305 687 360 Patri.
704 304 802 362 ΟΡιΑΤ.
819 304 847 367 2,
863 307 889 364 6.

1162 297 1302 377 ,aa

188 477 222 538 C.
237 475 270 536 P.
298 474 330 536 Iu
352 470 567 551 quihuslaieut
586 478 769 550 argumenta.
801 470 833 532 C.
853 469 889 532 Ρ..
915 469 993 541 Quid
1012 477 1057 530 est
1076 476 1283 546 argumentum
1291 471 1308 528 Ρ

191 561 222 623 C.
238 559 271 620 P.
299 557 456 622 Probabiie
478 558 627 620 inventum
650 556 685 616 ad
707 555 871 621 iaciendum
891 554 989 615 iidem.
1034 554 1121 616 ΟΡ.
1148 554 1346 626 0666661166

191 647 281 723 igitur
296 644 354 706 duo
370 659 481 720 genera
499 642 556 702 ista
577 640 699 702 dividis?
736 641 766 702 C.
783 639 815 700 P.
844 639 927 711 uuae
940 639 1005 700 siue
1025 648 1087 700 otte
1102 646 1251 719 putantur,
1269 659 1305 700 ea

145 745 147 756 ¹
166 747 169 754 ·
190 737 303 790 remota
321 726 446 808 appello,
470 734 503 788 ut
515 727 696 788 resonante
731 724 762 786 C.
779 725 815 784 F.
833 723 909 795 Quid
922 724 1030 784 insita?
1057 724 1088 786 C.
1104 724 1136 784 P.
1164 723 1304 796 amein-

189 815 317 875 ‘haereut
332 815 363 874 iu
380 814 440 888 ipso
456 829 499 872 re.
530 811 561 872 C.
578 811 610 871 F.
627 809 878 872 Testimoniorum
894 826 969 887 quae
984 816 1053 869 suut
1066 809 1196 888 genera?
1224 807 1255 870 C.
1270 809 1303 870 P.

192 899 327 960 Divinum
344 905 373 958 et
386 895 562 957 humanum:
586 894 728 964 ditinum,
742 901 775 958 ut
786 892 913 964 oracula,
930 900 962 954 ut
973 894 1110 972 auspicia,
1125 895 1306 956 niraticiua·

191 985 298 1052 tiones,
314 989 348 1041 nt
367 998 511 1061 respousa
525 978 723 1049 sacerdotum,
738 977 938 1058 haruspicum,
956 978 1175 1046 coniectorum;
1201 977 1306 1040 huma·

191 1252 239 1302 tede
260 1261 320 1302 suut
341 1267 385 1300 eae
407 1253 480 1314 quasi
500 1252 584 1310 aeder,
605 1266 618 1300 e
636 1251 723 1315 quibua

191 1327 340 1386 arqirmenta
355 1326 513 1384 prtraoutrinr.
537 1319 568 1370 dc
586 1332 624 1370 or.
643 1319 664 1366 tt
682 1319 722 1374 39,

191 1399 229 1438 166
241 1389 316 1438 sedes
330 1396 356 1436 et
369 1389 444 1450 quasi
461 1385 590 1436 domicilia
603 1411 635 1422 -
646 1400 725 1469 argu:

112 1486 116 1502 .
191 1467 345 1518 ιηευιοτωῃς
358 1458 400 1514 30,
413 1465 459 1505 tat.

224 1577 308 1624 ,latent
316 1575 357 1631 et,
368 1583 405 1624 169
417 1574 461 1636 qui
471 1573 541 1622 videt
551 1573 612 1634 quid
624 1573 650 1622 iu
661 1585 726 1634 quo-

191 1656 241 1704 que
253 1641 310 1689 ioco
324 1641 399 1689 intrat
408 1641 503 1703 quique
515 1639 571 1689 ilios
581 1639 652 1690 loros
662 1651 726 1688 tam-

192 1723 270 1771 quam
277 1709 517 1760 tnesarwmuiouos
526 1715 727 1774 argumentorum

194 1785 297 1826 notatos
308 1775 392 1825 habet.

172 1941 173 1945 ,
225 1893 359 1960 probabile
380 1885 511 1945 πιθανόν
530 1894 591 1944 ader
610 1887 724 1944 πιστόνε

193 1964 233 2010 eiu
244 1961 726 2028 anueituritarer,etirhhtitigerigittub·

193 2027 333 2094 witrdiger)
354 2029 442 2079 (iutud
471 2029 653 2096 rotgebracht,
682 2043 726 2078 nm

192 2095 396 2161 Ueberzetrguug
426 2098 484 2156 (rou
507 2098 551 2147 der
572 2097 728 2162 Richtiglteit

195 2162 457 2228 oder-Urtricluiglteiti
468 2179 499 2212 un
511 2165 648 2214 bewiriten.
661 2165 727 2228 Top.

194 2233 238 2290 28
251 2232 336 2292 itaque
347 2230 405 2280 iit-et
413 2230 519 2280 definire
527 2235 608 2282 lutam
620 2246 678 2280 esse
686 2245 728 2280 ar-

195 2299 309 2362 gumenti
331 2298 428 2360 sedern,
452 2306 623 2362 mastrucarum
643 2307 727 2348 autern

194 2367 332 2424 rationem,
363 2381 429 2432 quae
453 2368 494 2417 rei
524 2367 616 2418 dodim
645 2367 730 2430 facim

190 2435 275 2497 fidem.
437 2449 442 2453 ’

228 2537 331 2601 aiqirnr
348 2551 437 2601 wegeu
454 2536 500 2587 der
519 2534 729 2601 Uuterbrechung

196 2603 276 2653 durch
288 2604 330 2655 die
342 2604 624 2655 votuuszusrhieiteude
633 2602 730 2653 Defini-

194 2672 249 2721 tiou
266 2686 315 2721 vau
333 2670 406 2723 lorus
422 2686 449 2721 n.
465 2681 651 2739 argumentum·
673 2674 730 2723 siue

193 2746 252 2791 orte
265 2740 306 2796 tt,
318 2748 345 2789 ta
358 2740 436 2790 Arist.
447 2739 512 2793 rhet.
525 2742 541 2788 2
561 2736 604 2805 (ρ.
616 2740 631 2789 'i
641 2737 658 2787 f.
671 2738 729 2806 Sp.)

195 2804 252 2857 caio
269 2798 441 2857 distineatur
457 2802 492 2859 ui
511 2798 564 2873 oie
585 2796 733 2875 ἅτεχνοί

197 2868 270 2925 aicta
288 2866 326 2947 oti
344 2864 373 2923 δ’
396 2870 537 2957 integunt·
568 2862 675 2957 deaque
697 2868 731 2924 di

196 2936 269 3009 λέγω
281 2954 334 2990 οσα
346 2933 385 3005 μὴ
400 2932 444 2992 dr’
460 2940 543 3007 quoio
557 2955 731 3005 redacturus

197 2999 731 3089 citicirrqoonr'rqqsvoioogtoiqruoardoi-

197 3088 281 3127 σανοι
291 3074 456 3143 συγγραφαὶ
466 3074 517 3129 ttoti
531 3092 585 3129 ocor
599 3074 730 3127 τοιαῦτα.

141 3156 142 3160 ’
197 3142 283 3201 Quint.
296 3142 317 3191 V
334 3147 357 3200 i,
370 3155 382 3193 1
394 3144 420 3195 ii.
438 3144 504 3211 Tap.
515 3146 542 3203 4,
554 3155 579 3195 at
591 3144 678 3195 Graeci
692 3153 730 3192 ta-

196 3210 233 3261 les
243 3213 477 3275 argumentationes
490 3202 627 3279 ἀτέχνους
638 3221 732 3263 vocant

195 3278 223 3329 id
235 3278 347 3329 astartis
360 3288 488 3345 expertes.
511 3282 542 3329 de
555 3294 592 3331 or.
605 3280 626 3329 ll
638 3280 680 3337 at,
693 3289 744 3329 116

196 3346 229 3396 ad
255 3347 416 3413 probandum
442 3346 539 3413 duplex
569 3355 607 3397 est
637 3346 731 3397 oratori

125 3438 130 3447 ·
197 3414 310 3464 subiecta
324 3416 455 3466 materies:
474 3428 524 3465 nna
535 3429 618 3465 rerum
634 3430 730 3477 earum,

197 3496 263 3545 quae
275 3498 327 3533 uon
344 3484 523 3548 excogitantur
540 3484 572 3533 ab
585 3493 685 3533 oratore
697 3508 730 3519 -

197 3550 729 3615 uttabniae‚testimoniu‚pacta‚r0nveuta‚

198 3618 377 3679 quaestiones,
390 3618 474 3682 deges,
490 3629 595 3666 senatus
607 3618 730 3682 consultu,

133 3713 139 3725 ,
198 3698 240 3733 res
254 3684 389 3743 iudicatae,
401 3686 511 3743 tietueta,
524 3698 660 3750 respousa,
673 3684 730 3734 reii-

199 3765 250 3814 qna
262 3752 284 3800 si
298 3764 365 3813 qnae
373 3762 441 3807 snrtt,
450 3766 515 3817 qnae
529 3766 578 3801 uon
590 3752 621 3801 ab
632 3761 732 3802 oratore

196 3818 347 3885 pariantur,
370 3819 418 3869 sed·
436 3818 470 3869 ad
492 3828 619 3870 oratorem
638 3846 667 3855 ·—
686 3821 729 3871 de-

196 3890 330 3951 (mnium
354 3884 405 3941 Gir.
428 3887 495 3938 insat·
512 3887 567 3937 hier
587 3888 657 3937 dieas
670 3886 732 3937 siles

198 3968 272 4005 uutet·
292 3957 350 4005 dum
369 3955 568 4020 tteaamtbagutt
585 3956 732 4006 testimonia

199 4023 347 4083 (itrwasere
381 4022 539 4086 Beweise)
574 4036 731 4075 zusammen.

198 4088 264 4157 Top.
279 4094 319 4151 id,
333 4102 359 4143 aa
376 4091 438 4141 haec
454 4105 516 4157 ergo
532 4091 732 4157 argumentatio,

200 4172 265 4219 quae
276 4160 369 4210 dicitur
384 4162 452 4213 ariis
467 4175 565 4226 capena
580 4160 605 4209 iu
619 4159 732 4211 readmo-

775 1256 886 1366 reddum
912 1263 943 1299 re
972 1248 1080 1298 sumitur
1108 1247 1141 1296 ad
1164 1233 1329 1296 taciendam

813 1331 861 1366 em.

810 1442 908 1486 remoto
916 1431 1026 1483 entiernt
1033 1433 1058 1483 d.
1065 1433 1091 1484 h.
1102 1433 1252 1484 ausserhalb
1264 1434 1311 1484 der

776 1499 859 1551 Sache
880 1501 959 1551 seibst
969 1500 1072 1566 liegeud
1084 1501 1158 1568 (Tap.
1174 1503 1200 1561 Ρ,
1214 1513 1228 1552 6
1243 1517 1310 1564 quae

778 1569 1226 1634 absuntlongequedisiunctasunt),
1240 1571 1310 1618 ius-

779 1653 855 1688 sere.
869 1637 901 1688 de
914 1651 950 1688 cr.
962 1637 1081 1695 1146116
1093 1636 1156 1687 ioris
1168 1638 1310 1692 adsumun-

778 1716 869 1764 turea,
882 1720 947 1770 qaue
959 1719 1010 1754 non
1020 1721 1068 1754 sna
1083 1706 1110 1754 oi
1123 1707 1172 1755 sed
1182 1712 1312 1755 cananea

776 1772 947 1824 sublevantur.
968 1773 1031 1838 qnid
1045 1775 1123 1823 insitu
1133 1772 1189 1822 tatu
1199 1773 1252 1823 ihm
1265 1773 1311 1822 der

777 1840 972 1906 wissbegierige
993 1838 1062 1890 Schn
1088 1840 1129 1890 ins
1149 1840 1236 1901 Wort,
1261 1841 1310 1888 wie

777 1925 801 1962 z.
815 1907 845 1962 B.
858 1910 881 1967 5,
894 1918 927 1960 16.
950 1909 1028 1959 insitu
1044 1909 1163 1958 iuuere,
1187 1909 1220 1958 de
1237 1909 1310 1960 orii

778 1979 821 2037 39,
839 1987 877 2027 166
893 1992 929 2026 err
939 1991 988 2025 auu
1002 1977 1066 2027 anmi
1080 1978 1106 2026 υἱ
1123 1983 1200 2041 utque
1216 1984 1311 2026 notura

777 2045 825 2109 (im
837 2044 980 2109 Gegensata
992 2058 1043 2093 rou
1053 2044 1156 2093 adsumi
1167 2042 1250 2105 ioris).

812 2178 946 2228 induerent
955 2178 1003 2225 wie
1014 2177 1078 2242 Top.
1091 2180 1116 2236 2,
1129 2188 1143 2228 8
1161 2178 1206 2228 sed
1223 2192 1256 2230 ex
1272 2178 1314 2226 eis

779 2245 855 2304 locis,
881 2246 907 2292 iu
929 2245 1021 2307 quibus
1042 2257 1194 2310 argumenta
1212 2245 1313 2294 inclusa

780 2323 849 2377 sunt,
866 2311 909 2360 aiii
925 2316 952 2361 in
968 2327 999 2363 eo
1014 2313 1079 2376 ipro,
1100 2315 1133 2364 de
1150 2329 1200 2379 qno
1216 2315 1312 2379 amiur,

779 2381 893 2432 nuent
906 2379 1127 2431 aliiadaumuutur
1137 2381 1312 2437 extrinsecum

780 2450 874 2499 ebauao
888 2449 930 2507 19,
941 2458 974 2500 tt.
997 2447 1030 2498 de
1042 2462 1079 2502 ur.
1096 2450 1119 2498 tl
1130 2451 1173 2509 at,
1190 2460 1229 2500 116
1245 2463 1314 2511 quae

780 2516 828 2580 (sc.
841 2516 874 2566 ad
886 2516 1044 2581 probandum
1057 2517 1172 2567 subiecta
1182 2515 1315 2577 materies)

780 2584 868 2635 totuin
878 2584 1083 2648 disputatioueet
1090 2584 1313 2649 argumentatione

781 2651 890 2703 oratoris
902 2651 1026 2700 coiiocata
1037 2660 1084 2701 est.
1096 2652 1129 2701 de
1141 2667 1178 2705 or.
1191 2652 1265 2712 ttae,
1275 2662 1316 2701 toa

781 2721 939 2769 extrinsecus
945 2718 1114 2782 (sumuntur),
1125 2735 1184 2769 cnm
1195 2734 1234 2779 ea,
1248 2734 1316 2781 quae

782 2797 843 2838 suut
852 2787 917 2836 ioris
929 2802 1013 2849 nequa
1025 2788 1160 2839 misereat
1174 2790 1203 2839 ire
1217 2789 1258 2837 rei
1269 2804 1315 2836 aa·

783 2862 850 2914 iura,
863 2854 1025 2920 colliguntur.

816 2974 912 3036 inipso
922 2987 953 3021 re
964 2962 997 3022 ἔν
1008 2962 1087 3040 αὐτῷ
1098 2969 1137 3040 τᾷ
1148 2966 1220 3038 ἔργῳ
1228 2974 1266 3021 itu
1273 2973 1314 3021 Iu-

783 3056 845 3155 w„
861 3039 907 3089 der
924 3036 1014 3098 Sache,
1038 3039 1065 3087 iu
1081 3038 1164 3088 iurem
1179 3042 1314 3105 eigeueu

820 3121 891 3157 esau.

816 3222 992 3289 oroandu'fop.
1002 3225 1076 3284 idat
1088 3225 1247 3277 diviuahsec
1259 3227 1316 3278 iere

782 3303 843 3343 suut
853 3293 1011 3343 testimonias
1021 3294 1133 3359 primum
1145 3295 1268 3346 orationis
1279 3322 1314 3332 -

782 3360 1317 3428 oraculaenimexeoipsoappeiiatasuut,

782 3430 854 3492 quod
867 3430 935 3480 inest
953 3429 980 3478 iu
996 3430 1034 3479 eis
1050 3431 1158 3483 deorum
1171 3433 1266 3487 oratio;
1279 3456 1313 3466 -

782 3496 874 3547 deiude
885 3511 980 3556 rerum,
995 3498 1023 3545 iu
1035 3498 1129 3559 quibus
1140 3498 1229 3548 iusuut
1239 3500 1315 3561 quasi

782 3566 908 3627 quaedam
927 3578 1006 3629 opere
1017 3564 1114 3626 diviua,
1133 3567 1246 3629 primum
1257 3568 1316 3631 ipse

782 3632 893 3681 muudus
906 3632 1013 3693 eiusque
1026 3633 1108 3681 amuis
1121 3632 1183 3682 ordo
1203 3642 1228 3682 et
1239 3647 1316 3683 orua-

782 3710 833 3761 tus‚
844 3700 967 3764 deiueeps
982 3702 1051 3751 aa‘rii
1068 3703 1167 3750 cuiauis
1181 3702 1263 3751 uriam
1277 3709 1316 3751 ot-

783 3784 831 3834 666
842 3774 945 3822 centua·
956 3768 1050 3817 deinde
1061 3768 1175 3817 eiusdem
1192 3770 1259 3819 airis
1271 3783 1317 3819 ao-

781 3838 851 3886 uitus
864 3849 888 3884 er
905 3834 1010 3885 ardores
1027 3835 1215 3899 multarumque
1230 3851 1316 3886 rerum

782 3905 807 3952 in
821 3914 887 3952 terra
896 3910 1019 3967 portem
1028 3913 1105 3965 atque
1114 3904 1188 3953 etiam
1196 3912 1318 3971 6666616

782 3971 884 4021 inuenta
908 3972 1074 4034 warmaciae
1099 3986 1114 4020 a
1134 3973 1317 4025 dormientibus

783 4051 886 4100 quoque
896 4037 976 4087 muita
988 4038 1131 4104 6661166666
1144 4042 1215 4091 visis.

815 4156 983 4208 coniectum
995 4157 1119 4217 Quintili
1130 4160 1188 4217 ii‚ao
1198 4159 1313 4208 somnio·

200 4226 244 4275 uia
264 4243 304 4276 eur
324 4230 422 4295 panitur
450 4228 624 4279 testimonium
643 4238 732 4279 antem
780 4237 926 4287 romaeque
939 4226 1052 4276 ominum
1060 4225 1311 4291 imerpretesdediv.

201 4306 268 4343 nuuc
284 4295 393 4347 die-imus
409 4310 492 4357 ornae,
508 4296 578 4363 qnod
596 4295 632 4347 od
645 4296 732 4360 aitqua

782 4294 858 4353 ttae,
870 4302 909 4350 623
922 4293 963 4353 65,
976 4304 1020 4345 tat.
