3067 4900
230 315 273 378 10
649 315 926 393 sustinuisse.

224 489 367 566 paullum
382 487 413 546 in
428 486 474 546 bis
488 501 587 546 secun
602 488 692 546 etiam
708 485 815 546 Cicero
829 486 964 546 dissentit
968 505 980 555 ;
1002 501 1074 546 nant
1088 489 1120 547 ia
1130 488 1293 549 rhetoricis
1302 522 1345 534 -

230 575 453 646 Hermaporan
468 578 511 630 est
523 576 658 640 secutas;
681 572 713 630 in
732 573 840 646 topicis
858 585 899 629 en
917 575 999 631 statu
1018 574 1158 647 effectam
1177 577 1343 634 oententio

230 673 297 719 nem
312 651 513 734 κρινόμενον
526 655 680 715 existimat
693 655 784 730 idque
800 655 956 730 Trebatio,
978 659 1032 731 qui
1049 658 1125 717 ioris
1144 664 1213 718 ertu
1225 661 1343 719 cunat-

231 750 293 819 tas,
315 741 454 801 alimus
475 743 552 816 ‘aaa
567 741 604 799 de
618 757 653 800 re
668 741 789 816 apitur'
810 741 964 816 appellat·
986 741 1093 816 quibus
1107 743 1141 802 id
1153 744 1344 803 commeatur

227 829 431 904 *continentia
445 827 540 901 prad
548 826 739 898 tirmaotenta
754 824 954 899 defensionis,
977 826 1085 900 quibas
1098 827 1224 887 saroa
1239 825 1343 899 defen·

229 913 276 972 sio
289 911 374 970 nulla
388 912 435 970 sit.
466 907 506 968 At
518 911 552 969 in
561 909 780 984 partitionibus
794 911 937 970 oratoriis
946 943 989 954 -
1000 916 1074 970 sstzt
1088 909 1168 970 dann
1183 908 1343 981 Quintilian

230 994 333 1063 hinzu,
356 992 417 1054 olso
437 993 488 1062 da,
510 1011 555 1052 wo
571 993 651 1054 diese
666 992 759 1071 Dinge
774 993 908 1054 schirter
923 993 1033 1071 geinsst
1046 993 1182 1055 werden:
1202 995 1342 1068 firma-

229 1086 387 1141 mentum
402 1081 484 1154 quod
494 1081 658 1154 opponitur
669 1078 848 1151 defensioni,
859 1080 932 1154 outo
946 1081 1103 1140 continens
1119 1071 1175 1156 (ὥς
1188 1076 1341 1159 συνέχον)

227 1165 311 1241 qood
321 1166 453 1239 prinum
465 1167 520 1231 sit,
541 1165 623 1238 quod
636 1163 675 1224 ab
690 1170 870 1224 accusatore
882 1165 1022 1233 dicatur,·
1044 1167 1187 1224 ration
1208 1181 1282 1235 reo,·
1302 1181 1343 1225 ex

224 1251 359 1311 rationis
378 1256 408 1308 et
423 1249 608 1320 firmamenti
626 1251 816 1322 condictione
836 1251 971 1324 panno
984 1262 1022 1308 ea
1045 1249 1096 1328 (sc.
1114 1248 1241 1327 oritur),
1266 1265 1344 1324 quae

228 1336 462 1408 disceptatio
482 1335 522 1393 sit
541 1329 811 1412 iudicationarnffl).
840 1332 954 1393 Ferner
967 1349 1005 1393 un
1021 1332 1104 1393 einer
1118 1332 1231 1393 andern
1244 1331 1341 1402 Stella,

228 1435 274 1477 wo
289 1433 345 1476 von
361 1417 414 1477 der
428 1421 568 1479 nanctis
583 1416 630 1477 die
644 1416 725 1477 Rcde
740 1417 780 1478 ist
794 1418 840 1498 (iv
850 1413 881 1487 2,
897 1417 972 1495 1s7):
988 1435 1041 1478 zur
1053 1416 1266 1496 Lebendigiieit
1280 1415 1343 1479 und

229 1489 502 1580 Glntbwindigkeit
516 1502 570 1562 dar
585 1501 899 1580 Geschishtserztlnng
913 1501 944 1562 in
959 1501 1013 1563 der
1026 1501 1108 1565 Rode
1122 1505 1201 1580 trtgt
1213 1502 1258 1562 oit
1272 1501 1342 1562 sehr

227 1585 285 1648 visi
299 1586 347 1658 die
361 1585 549 1664 Einiithrung
564 1586 644 1649 eines
659 1585 958 1666 Wechsoigesprichs
979 1587 1032 1647 der
1052 1587 1256 1648 betreffenden
1269 1586 1342 1646 Per·

224 1689 321 1740 *sonui
342 1671 403 1732 bei:
432 1671 531 1744 Quid?
551 1689 614 1748 pro
640 1667 818 1752 Oitensioi)
845 1672 963 1733 Staieni
985 1673 1137 1748 Bulbique
1161 1674 1342 1748 colloquium

226 1773 326 1818 nonne
340 1759 383 1818 ad
395 1759 580 1818 celeritatem
590 1757 756 1832 plurimun
770 1763 801 1816 et
814 1759 859 1817 ad
868 1757 959 1830 tidaa
973 1756 1118 1829 confert?
1142 1757 1230 1829 ‘Quae
1243 1774 1282 1818 ne
1293 1756 1340 1829 fe-

221 1845 303 1902 cisse
322 1843 545 1902 inobseraantia
565 1842 699 1917 quadarn
720 1843 860 1902 videmia
881 1845 1076 1917 (quamquam
1090 1843 1149 1902 boc
1163 1844 1195 1901 in
1210 1845 1262 1902 ilio
1276 1857 1341 1902 cre-

229 1927 321 1986 dibile
334 1944 396 1988 non
410 1930 485 2002 est),
507 1927 539 1986 in
550 1927 767 2002 partitionibus
778 1928 934 2003 promit
945 1958 989 1970 -—
1003 1924 1065 1987 also
1079 1927 1111 1986 in
1126 1926 1224 1986 oinem
1239 1931 1341 2002 strong

169 2020 172 2026 '
227 2009 462 2081 theoreiischen,
489 2011 542 2070 mit
566 2008 671 2070 vollem
692 2009 888 2072 Bewusstseiu
914 2009 968 2071 der
989 2009 1196 2072 rhetorischon
1218 2009 1341 2071 Gesetze

226 2095 289 2156 und
304 2095 504 2156 besonnenem
519 2093 630 2156 Urteile
650 2093 884 2172 geschriebenen
898 2093 1113 2174 Compendium
1126 2129 1169 2141 --
1182 2103 1216 2156 ut
1229 2096 1342 2156 babeat

224 2185 369 2242 narratio
378 2184 566 2258 suauitatem,
582 2182 809 2256 admirationes,
825 2183 1074 2257 exspectationes,
1090 2184 1191 2242 exitiis
1202 2182 1339 2256 inopina-

155 2337 158 2342 ·
223 2272 270 2325 tos
284 2298 326 2308 -
339 2269 489 2340 cottoqoia
497 2281 718 2340 personarum,
738 2282 838 2327 onnes
852 2269 993 2342 affectus.
1029 2264 1155 2326 Endiich
1170 2270 1261 2327 stittzt
1275 2263 1340 2324 sich

224 2499 253 2532 re
266 2484 348 2531 omnis
360 2482 534 2531 conuoversis
545 2496 647 2545 quoqne
658 2480 758 2531 sublata
809 2484 930 2545 quonism
946 2484 1050 2545 quidem
1067 2483 1101 2533 nd
1116 2492 1140 2532 te
1157 2483 1255 2540 scribo,
1273 2490 1341 2547 ‘qna

225 2561 277 2608 est;
297 2564 359 2615 ergo
373 2552 428 2601 eius
440 2564 533 2599 causae
544 2550 609 2599 ratio
623 2558 674 2610 est,
687 2551 757 2611 qnod
809 2552 841 2600 de
856 2565 886 2600 re
902 2553 1002 2615 opitar’
1023 2552 1121 2609 voenri;
1144 2551 1237 2611 quibus
1254 2560 1340 2599 sutem

221 2617 269 2667 'illa
285 2618 503 2683 Agamemnonem
521 2617 654 2669 occideret.
686 2617 757 2668 Iudi·
807 2617 858 2668 hon
879 2622 945 2680 ‘qun
965 2620 998 2668 de
1016 2634 1044 2667 re
1065 2620 1166 2684 agitur’
1187 2618 1339 2680 continetur,

218 2690 292 2739 cotio
309 2696 360 2745 est,
379 2700 445 2749 quae
456 2700 488 2734 ex
499 2683 669 2735 infirmatione
680 2686 758 2734 ratio-
809 2700 839 2736 en
850 2688 1005 2737 watinentia
1015 2695 1149 2749 vocentur,
1166 2685 1241 2749 qussi
1253 2684 1340 2734 finne-

225 2756 266 2803 nis
279 2754 392 2803 nuscitur
408 2752 593 2810 controversi&
611 2766 671 2801 nam
683 2753 759 2802 sites
807 2764 893 2803 ments
916 2753 1087 2815 defensionis,
1114 2754 1207 2817 quibus
1231 2752 1339 2803 subistis

225 2822 301 2873 nobis
314 2822 432 2887 exposito
441 2821 515 2880 ratio,
529 2833 605 2883 quum
615 2818 691 2885 poulo
700 2820 759 2870 sn'te
809 2821 926 2871 deieusio
938 2822 1007 2871 nulls
1018 2823 1060 2872 sit.
1084 2822 1112 2871 In
1124 2822 1174 2871 den
1183 2824 1340 2885 partimus

219 2890 405 2955 exposuimus:
415 2888 475 2938 ‘illa
484 2889 560 2948 enim,
570 2890 661 2951 inquit,
670 2901 756 2937 meum
807 2906 829 2940 c.
842 2892 884 2948 29,
898 2889 968 2939 tosff
981 2890 1098 2955 ‹lngegen
1115 2890 1174 2939 sind
1185 2890 1227 2938 die
1238 2889 1339 2938 termini

224 2970 323 3024 patrem
332 2958 481 3015 occiderot’;
494 2961 537 3006 ‘nt
545 2970 606 3021 non,
618 2957 701 3019 inquit
709 2956 756 3005 od-
807 2972 836 3007 so
852 2957 1058 3008 untersehieden:
1082 2960 1151 3009 ratio
1168 2958 1203 3007 ist
1218 2956 1263 3006 der
1278 2970 1338 3006 vom

221 3026 366 3086 varnarius,
382 3024 467 3075 abste
483 3024 535 3074 tilio
552 3034 658 3074 matrem
671 3026 755 3074 necari
809 3025 984 3091 Angeilngten
1006 3026 1190 3091 rnrgebrnchte
1211 3024 1339 3075 Verteitii·

224 3096 353 3159 oportuit3
366 3093 450 3156 potuit
459 3094 525 3141 enim
537 3094 593 3141 sine
604 3104 648 3142 tuo
660 3092 756 3143 sceiere
806 3094 990 3159 gungsgruntl,
1004 3096 1187 3158 strumentum
1201 3092 1243 3143 die
1255 3107 1338 3158 gegen

223 3162 291 3210 iliius
312 3160 406 3208 iactum
428 3160 536 3223 puniri’·
565 3174 598 3207 ex
614 3159 663 3209 hnc
678 3161 756 3209 aidu—
805 3160 894 3211 diesen
905 3159 1190 3230 Verteidigungsgrund
1202 3160 1339 3226 genehtete

222 3230 307 3278 ctione
326 3226 432 3278 rationis
452 3226 495 3274 ilie
519 3240 619 3275 summa
641 3228 755 3276 nescitur
805 3228 974 3295 Erwidentng
984 3231 1031 3279 des
1042 3231 1187 3295 Anldigers
1204 3228 1257 3276 und
1268 3229 1338 3276 inso-

217 3295 410 3353 οοιηνονονείο,
429 3308 505 3355 quam
517 3294 696 3343 iudicationem
708 3308 755 3360 up·
805 3294 917 3346 ierndas
926 3297 1077 3359 cigentliche
1086 3297 1228 3353 continens,
1240 3294 1287 3343 des
1296 3293 1338 3343 die
1434 3327 1438 3335 ·

222 3362 360 3429 pellamus3
380 3370 460 3411 esest
470 3360 630 3411 huiusmodi:
647 3370 755 3410 rentum·
806 3362 924 3427 Ankiage
950 3363 1085 3428 eigentlich
1109 3359 1336 3420 Constituierende,

225 3447 256 3480 ne
277 3430 364 3490 interit,
387 3428 419 3479 ab
435 3427 524 3479 Oreste
540 3437 645 3478 matrem
663 3428 754 3489 occidi,
806 3430 863 3479 weil
885 3446 912 3479 es
929 3429 978 3479 deu
993 3430 1162 3496 Hsnptpunkt
1181 3443 1232 3477 von
1250 3426 1337 3478 seiten

221 3514 281 3547 cum
305 3498 347 3547 ills
370 3496 467 3547 Orestis
491 3507 588 3563 patrem
612 3496 754 3547 ocunisset.
806 3498 851 3547 des
864 3497 1008 3563 Ankiigers
1024 3497 1135 3558 enthiit,
1152 3498 1209 3546 sine
1224 3510 1275 3559 quo
1293 3510 1338 3545 eo·

222 3566 415 3617 Firmamentum
441 3575 482 3614 est
507 3564 654 3614 firmissima
677 3579 754 3631 argu-
805 3566 904 3615 cusatio
922 3575 990 3617 stone
1006 3580 1057 3615 non
1074 3574 1167 3631 potest.
1201 3565 1257 3614 Ans
1277 3564 1337 3614 dem

222 3635 344 3684 mentatio
365 3632 506 3683 defensoris
523 3641 548 3682 et
566 3633 701 3698 potissimo
720 3632 753 3681 nd
805 3632 914 3683 Goniiict
929 3634 975 3684 der
985 3635 1050 3685 sntio
1067 3633 1120 3685 und
1133 3634 1178 3685 des
1191 3631 1336 3681 firmamen-

222 3702 416 3760 iudicstionem,
436 3709 464 3750 ut
480 3701 503 3751 si
519 3700 579 3750 velit
594 3700 695 3750 Orestes
714 3700 752 3749 di·
804 3710 858 3751 tum
871 3702 954 3768 ergibt
964 3702 1020 3752 sich
1031 3702 1100 3752 danu
1112 3702 1153 3752 die
1165 3700 1338 3751 chersteEnt·

216 3782 291 3827 cere,
316 3768 442 3819 eiusmodi
457 3768 570 3819 animum
585 3769 753 3818 matrissuae
803 3768 1045 3835 scheidungstrngc‚
1069 3772 1120 3820 die
1142 3770 1271 3832 quaestio,
1294 3769 1337 3817 die

222 3836 303 3885 inisse
319 3837 346 3885 in
362 3845 461 3901 petrem
477 3850 565 3893 suum,
582 3837 609 3885 in
626 3852 654 3885 se
665 3837 751 3901 ipsum
804 3835 906 3901 speciei}
919 3837 1072 3901 disceptatio
1088 3847 1201 3902 gensum
1212 3837 1290 3896 wiri,
1307 3837 1334 3885 in

222 3918 252 3953 nc
264 3916 375 3961 sorores,
388 3904 414 3951 in
426 3918 548 3970 regnum,
561 3904 587 3951 in
599 3903 694 3953 iontem
706 3918 751 3968 ge-
802 3920 853 3967 qun
865 3904 928 3966 qnid
936 3904 1022 3953 veniat
1032 3906 1057 3953 in
1069 3904 1191 3953 iudicium
1203 3914 1228 3953 et
1239 3904 1272 3953 de
1283 3918 1334 3965 quo

222 3972 291 4021 neris
309 3981 333 4020 et
344 3970 467 4031 familiae,
485 3982 514 4021 ut
525 3972 557 4021 ab
570 3986 599 4020 eu
611 3984 708 4037 pnenns
720 3971 752 4020 li·
802 3972 958 4038 disceptetur
969 3971 1143 4034 quaeriuoiet.

221 4040 274 4089 beri
288 4040 328 4088 sui
340 4038 502 4103 potissimum
514 4050 600 4104 petere
611 4039 751 4089 debuerint.

219 4109 250 4157 In
267 4106 310 4157 der
327 4105 384 4155 dem
401 4104 513 4157 Juristen
531 4106 662 4157 Trebatius
680 4106 752 4158 dedi-
836 4107 880 4170 40)
899 4104 934 4156 So
952 4107 1016 4156 wind
1032 4106 1074 4156 die
1090 4104 1167 4157 Stetit
1182 4107 1223 4156 bei
1235 4104 1335 4164 Quinti-

218 4176 315 4225 aierten
326 4174 390 4239 Tap
398 4173 428 4222 ik
440 4174 523 4223 heisst
531 4189 558 4223 es
567 4189 590 4222 ο.
599 4177 640 4234 25,
653 4184 679 4225 tt
687 4188 753 4237 quoe
800 4173 852 4222 lien
865 4188 897 4222 nn
909 4174 979 4224 lesen
991 4175 1055 4224 sein.

221 4258 254 4293 ex
263 4252 331 4293 stetu
339 4242 467 4292 contentio
477 4238 592 4301 efficitur,
603 4256 658 4291 eam
664 4240 753 4291 Graeci

221 4303 392 4377 κρινόμενον
401 4308 541 4378 appeltam
555 4309 617 4359 mihi
625 4308 750 4374 placetid,
836 4309 881 4371 41)
898 4323 920 4377 e,¹
933 4312 975 4372 26,
988 4320 1013 4359 ‘n
1026 4310 1051 4359 s.
