3067 4900
234 179 277 244 58
551 183 646 241 rant.
664 182 759 239 nnat.
778 182 827 245 11,
841 183 967 246 tta-18,
981 185 1024 240 cr.

236 358 359 430 possunt
374 349 630 428 exspectationem,
647 348 888 419 admirationem,
903 347 1096 429 voluptatem
1118 351 1150 409 in
1166 349 1345 410 cohortatio-

236 435 323 497 nibus
344 441 439 495 autem
460 432 607 495 bonorum
629 452 662 494 ac
683 431 827 496 malcrum
851 436 1088 495 enumerationes
1103 440 1132 494 et
1145 433 1279 513 exempla
1295 452 1344 493 va·

235 520 300 582 lent
318 517 489 598 plurimum.
533 518 565 578 ln
587 518 704 580 iudiciis
724 520 889 579 accusatori
909 518 973 579 lere
994 535 1069 597 quae
1089 517 1126 578 ad
1150 517 1345 588 iracundiam,

234 623 288 665 reo
310 602 486 682 plerumque
512 621 586 682 quae
614 603 651 664 ad
671 601 904 665 misericordiam
929 604 1095 680 pertineam
1123 619 1345 681 nonnumquam

234 697 333 750 tamen
354 696 506 749 accusator
527 687 760 748 misericordiam
780 704 900 747 movere
921 687 1009 747 debet
1030 696 1060 749 et
1074 686 1211 748 defensor
1225 689 1343 747 iracun-

177 775 214 829 59
236 772 322 832 diam.
409 771 599 834 Enumeratio
615 771 726 851 reliqua
742 779 801 841 εει,
817 787 1039 852 nonnumquam
1053 770 1215 844 laudatori,
1229 771 1344 833 suasori

234 874 294 917 non
316 874 418 936 saepe,
446 859 609 918 accusatori
630 858 746 936 saepius
766 873 854 934 quam
875 873 927 915 reo
947 858 1123 917 necessaria.
1167 857 1344 933 flutusipsa

233 950 369 1020 tempora
383 941 441 1002 duo
457 950 533 1012 sunt,
549 941 575 1001 si
590 951 640 1002 aut
653 941 814 1001 memoriae
829 939 944 1003 diffidas
953 958 1067 1010 eorum,
1082 941 1162 1019 apud
1177 958 1250 1020 quos
1265 957 1343 1017 agas,

234 1024 279 1088 vel
298 1023 451 1087 intervallo
471 1027 614 1105 temporis
633 1023 680 1084 vel
697 1023 884 1103 longitudine
903 1025 1058 1096 orationis,
1080 1031 1130 1086 aut
1150 1024 1345 1105 frequentatis

234 1111 427 1172 firmamentis
446 1111 587 1170 orationis
607 1116 637 1170 et
656 1107 786 1169 breviter
807 1111 946 1189 expositis
966 1111 1024 1170 nm
1045 1115 1090 1170 est
1105 1107 1241 1181 habitura
1256 1127 1346 1170 causa

177 1198 214 1252 60
235 1197 387 1256 maiorem.
432 1193 467 1254 ln
481 1210 534 1253 rec
548 1195 645 1255 rarius
660 1193 803 1256 utendum
819 1203 877 1264 est,
898 1194 978 1274 qnod
992 1193 1129 1273 ponenda
1144 1201 1213 1254 sunt
1228 1201 1345 1255 conua-

233 1283 292 1349 ria,
319 1296 445 1360 quorum
466 1276 617 1340 dissolutio
637 1279 669 1338 in
692 1277 835 1340 brevitate
855 1296 915 1339 non
935 1277 1060 1346 lucebit,
1085 1276 1181 1338 aculei
1200 1287 1345 1357 pungent

234 1363 291 1425 Sed
308 1365 365 1423 erit
379 1365 409 1423 in
425 1365 648 1424 enumeratione
663 1363 827 1431 vitandum,
844 1381 882 1424 ne
897 1364 1052 1425 ostentatio
1067 1363 1227 1423 memoriae
1243 1380 1343 1425 susce-

233 1458 282 1528 pta
299 1447 430 1509 videatur
446 1465 510 1509 esso
525 1447 657 1528 puerilis.
688 1447 719 1509 ld
743 1448 860 1526 effugiet
881 1449 1011 1527 quinon
1033 1448 1132 1509 omnia
1153 1448 1275 1508 minima
1296 1465 1344 1507 re·

232 1539 327 1613 patet,
355 1532 406 1593 sed
428 1531 509 1593 brevi
529 1532 643 1612 singula
664 1534 810 1611 attingens
838 1533 969 1611 pondera
983 1535 1093 1594 'rerum
1118 1533 1182 1612 ipsa
1206 1549 1343 1612 compre·

233 1617 352 1678 lrendet.

131 1694 226 1777 18,cr
320 1701 350 1762 C.
373 1701 405 1760 F.
429 1700 572 1772 Quoniam
594 1711 623 1761 et
643 1701 680 1762 de
700 1702 765 1780 ipsc
781 1709 898 1762 oratore
913 1701 994 1762 etde
1009 1701 1269 1769 crononedntsti,
1293 1719 1344 1761 ex·

232 1805 310 1866 pone
326 1803 393 1846 eum
409 1784 481 1846 mibi
496 1803 584 1855 nunc,
602 1803 690 1865 quem
706 1803 741 1844 ex
756 1784 851 1846 tribus
866 1792 1032 1848 extremum
1047 1787 1236 1868 proposuisti,
1253 1802 1343 1864 quac·

264 2008 291 2056 in
302 2003 519 2056 cohortationibus
531 2003 610 2054 -im
622 2019 704 2071 genua
716 2005 763 2054 de-

230 2073 397 2123 liberativnm.

265 2143 411 2192 mmtaatori
420 2143 446 2202 4,
459 2152 492 2192 14.

262 2224 309 2260 ree
322 2211 346 2269 b,
360 2218 393 2260 15.

264 2310 292 2372 2)
310 2308 352 2358 die
364 2311 518 2359 enumeratio
532 2310 572 2369 tt,
585 2317 610 2358 59
623 2309 675 2358 und
687 2309 728 2359 60.

264 2401 289 2443 59
294 2393 448 2442 enumeratio
453 2383 589 2459 (cuilcyn'
596 2391 657 2459 oder
662 2383 763 2444 donee·

229 2460 390 2525 φαλαίωσις
402 2460 616 2526 Recepitulation)
629 2461 662 2511 ed
670 2460 728 2511 Her.
740 2461 763 2510 ΙΙ

227 2531 276 2588 30,
293 2539 319 2578 tt
336 2544 382 2593 per
398 2542 475 2590 quam
491 2528 634 2593 colligimus
652 2537 676 2578 et
692 2542 762 2578 ccm-

229 2608 376 2654 monemus,
394 2596 486 2656 quibus
504 2595 536 2645 de
547 2596 622 2644 rebus
634 2596 711 2645 verbe
723 2596 761 2644 le-

228 2662 351 2723 cerimns,
365 2664 486 2721 breviter,
504 2671 532 2712 nt
542 2672 691 2722 renovetur,
709 2677 761 2712 non

228 2712 513 2849 {edilrtegretnroratim
527 2731 615 2781 deinv.
629 2731 761 2798 tamtam

248 2802 271 2859 9,
283 2808 317 2850 45.
465 2833 467 2837 .

263 2882 444 2933 nonnumquam
455 2892 488 2903 -
500 2880 540 2916 wc
551 2882 578 2917 ee
589 2866 652 2916 eben
661 2866 706 2918 dea
716 2864 761 2915 El-

228 2933 306 2985 t'ectes
318 2949 408 3001 wegen
425 2934 479 2985 sich
492 2934 632 3000 empliehlt,
650 2934 691 2984 die
708 2936 761 2984 ein·

228 3001 317 3051 zelnen
339 3002 455 3051 Strablen
479 3004 505 3050 in
526 3003 571 3052 der
591 3003 762 3053 betrell‘endeu

229 3068 410 3133 chpreisnng
428 3068 558 3117 ncclamals
579 3072 628 3119 wie
644 3073 669 3118 in
687 3064 761 3120 dinen

229 3134 397 3199 Brennpnnltt
409 3150 441 3183 zu
452 3135 584 3187 sammeln.

262 3232 312 3267 nort
328 3231 407 3281 saepe
424 3217 508 3265 -im
525 3232 606 3283 genus
618 3217 762 3278 deliberati,—

229 3300 297 3345 uum,
312 3298 351 3335 wo
364 3284 390 3332 in
403 3284 447 3333 der
456 3283 535 3349 Regel
548 3284 669 3348 einjeder
678 3284 762 3334 Punltt

225 3352 327 3403 einzeln
340 3352 392 3402 und
403 3352 444 3402 iiir
454 3352 509 3401 sich
520 3354 546 3401 in
559 3352 600 3401 die
605 3350 761 3417 Wegschale

230 3421 315 3487 gelegt
325 3418 390 3471 wird
407 3421 467 3471 oder
479 3420 545 3470 auch
557 3421 598 3471 die
609 3420 760 3471 Erdrterun-

227 3488 759 3555 georasclrernndlnirzernuseinpllegen.

264 3574 336 3623 quam
357 3573 402 3609 reo
423 3556 537 3607 insolern
555 3556 610 3607 sich
626 3556 709 3605 dieser
726 3571 759 3605 an

226 3624 271 3673 die
282 3639 334 3673 von
346 3635 478 3675 accusator
494 3625 575 3675 sebon
588 3624 760 3689 bervorgeltc-

228 3691 309 3740 benen
326 3693 455 3743 einzelnen
472 3692 569 3743 Punlrte
587 3690 761 3741 enznscblies-

228 3756 341 3807 sephat.
480 3798 482 3805 .

262 3826 320 3889 ipae
350 3832 463 3891 tempora
490 3844 518 3878 es
542 3826 601 3877 sind
624 3826 760 3893 eigentlich

226 3893 292 3942 zwei
305 3892 439 3954 Momente,
452 3910 492 3945 wc
505 3896 544 3946 sie
555 3910 596 3945 arn
608 3895 678 3945 Pletz
690 3896 732 3945 ist.

261 3961 432 4027 frequentetis
447 3962 561 4013 dadurch
578 3964 639 4017 dass
656 3961 698 4013 die
712 3962 761 4011 Be-

229 4027 401 4093 weispunltte,
424 4028 473 4077 wie
492 4030 519 4078 in
541 4032 584 4079 der
605 4031 760 4082 enumeratio

229 4096 372 4161 gescbieht,
397 4094 467 4145 dicht
483 4096 563 4145 neben
580 4098 700 4149 einander
715 4114 761 4163 ge-

226 4164 297 4214 stellt
307 4164 417 4225 werden,
431 4178 491 4229 ‚per
503 4178 579 4225 quarn
592 4180 631 4214 res
644 4165 761 4231 disperse

813 2015 839 2054 et
854 2004 945 2054 diffuse
961 2005 1043 2054 dictae
1063 2020 1142 2054 unum
1158 2005 1184 2053 in
1200 2003 1284 2053 locum
1300 2017 1345 2052 cc·

814 2082 909 2139 guntur
920 2073 953 2124 de
963 2074 1015 2123 inv.
1027 2074 1039 2122 l
1050 2075 1092 2133 ta,
1104 2083 1138 2124 18.

847 2142 967 2192 badum
982 2147 1022 2192 est
1037 2156 1071 2190 cu
1080 2149 1206 2190 erwarten
1217 2139 1265 2200 ist,
1282 2139 1343 2188 dass

813 2210 851 2258 sie
863 2209 1000 2258 belscmmt

847 2286 873 2326 6⁰
892 2278 1013 2340 ponenda
1035 2286 1082 2325 etc.
1111 2274 1161 2324 Der
1184 2273 1346 2340 Angeltlegte

813 2358 885 2393 muse
898 2343 939 2393 die
951 2343 1135 2408 Gegenpunlrte
1152 2342 1177 2394 d.
1188 2341 1215 2391 h.
1232 2357 1286 2392 was
1298 2356 1346 2406 ge-

813 2425 864 2477 gen
880 2411 922 2461 ibn
940 2412 987 2471 ist,
1005 2409 1142 2469 suffimen,
1159 2410 1202 2460 die
1217 2409 1345 2460 Widerle·

813 2494 886 2544 gung
907 2478 1040 2529 derselbeu
1063 2504 1095 2517 -
1119 2479 1187 2529 denn
1203 2477 1343 2527 confutatio

813 2558 852 2595 est
871 2548 1057 2598 contraderem
1079 2549 1189 2597 leccncn
1212 2548 1344 2597 annotatio

812 2613 1002 2673 adHer.l3,a
1022 2640 1054 2649 -
1074 2614 1139 2664 wird
1159 2614 1220 2663 aber
1238 2614 1281 2664 bei
1300 2613 1346 2662 der

813 2681 895 2730 Kdrze
923 2682 968 2730 der
990 2683 1146 2732 enumeratio
1174 2680 1258 2731 sicher
1281 2681 1344 2730 eben

811 2749 872 2798 bein
888 2748 962 2799 Licbt
977 2748 1144 2815 emptongem
1165 2749 1288 2799 withrend
1302 2748 1345 2797 die

813 2816 883 2866 dicht
899 2817 980 2866 neben
997 2817 1118 2868 einander
1134 2817 1267 2883 gestellten
1284 2814 1345 2881 Spi-

813 2894 869 2934 tzeu
883 2883 943 2946 (wie
954 2900 982 2933 es
994 2885 1074 2934 durch
1082 2885 1124 2935 die
1132 2886 1289 2935 enumeratio
1297 2898 1344 2949 ga

813 2951 922 3016 schiebt)
946 2952 1058 3002 offenbar
1075 2952 1218 3003 verietaend
1232 2952 1344 3008 wirlsem

811 3022 860 3073 das
872 3020 922 3070 soll
933 3020 993 3070 eber
1004 3020 1050 3071 der
1060 3036 1118 3071 rens
1131 3020 1226 3087 gerade
1237 3020 1344 3070 vermel-

813 3089 948 3149 denb,15.

845 3158 894 3206 sed
904 3165 950 3206 etc.
968 3156 1001 3205 de
1011 3156 1063 3207 inv.
1075 3156 1087 3204 Ι
1098 3156 1143 3215 62,
1156 3166 1193 3205 100
1209 3167 1343 3204 commuue

814 3232 897 3270 autem
910 3232 1073 3287 praeceptum
1089 3221 1139 3278 hcc
1150 3221 1224 3270 datur
1235 3219 1268 3268 ad
1280 3232 1343 3267 enu-

813 3288 992 3348 merationem,
1005 3298 1033 3336 ut
1045 3303 1078 3336 ex
1088 3302 1140 3336 une
1152 3301 1253 3348 quaque
1264 3300 1342 3349 atr-gu-

811 3356 978 3414 mentatione,
991 3356 1113 3415 quoniam
1125 3363 1178 3402 tota
1188 3354 1280 3402 iterum
1291 3352 1342 3402 dici

811 3435 863 3472 non
874 3430 970 3486 potest,
982 3422 1010 3469 id
1019 3420 1135 3486 eligatur,
1148 3420 1219 3482 qnod
1227 3421 1274 3492 erit
1282 3435 1343 3486 gra-

810 3489 944 3539 vissimum
958 3499 983 3539 et
991 3502 1070 3538 unum
1079 3488 1192 3551 quidque
1199 3504 1277 3551 quam
1286 3490 1343 3538 bre-

808 3556 915 3608 vissime
925 3566 1081 3617 transeatur,
1099 3558 1274 3618 utmemcria,
1291 3572 1343 3607 non

812 3627 893 3675 oratio
906 3634 1026 3675 renovate
1037 3625 1163 3677 videatur.

842 3695 962 3760 pondera
980 3708 1065 3745 rerum
1084 3699 1144 3758 ipsa
1163 3692 1285 3759 lediglicb
1301 3693 1343 3743 die

812 3760 1172 3827 cigentlichenHauptsacben,
1183 3762 1224 3810 die
1231 3759 1343 3826 gewich-

811 3831 907 3895 tigstcn
922 3828 1038 3889 Grt'tnde3
1056 3829 1088 3879 de
1101 3842 1138 3881 cr.
1150 3830 1173 3877 ll
1187 3830 1230 3888 ll,
1244 3838 1268 3877 11
1287 3842 1343 3876 cm·

811 3898 882 3947 nium
894 3898 1076 3947 sententiarum
1084 3897 1215 3961 gravitate,
1229 3896 1343 3945 omnium

811 3963 943 4017 verberum
952 3964 1159 4030 ponderibus-est
1170 3962 1301 4012 utendum.

846 4032 874 4081 c,
892 4032 939 4081 Die
951 4034 1064 4097 quaestio
1078 4033 1118 4091 18,
1130 4032 1232 4090 61-39,
1244 4038 1290 4080 118.

847 4100 886 4156 18,
898 4108 924 4147 61
936 4106 1073 4150 ecctremmn
1085 4102 1109 4163 1,
1121 4109 1142 4149 t.

842 4168 1004 4231 proposuisti
1024 4170 1097 4229 4,11
1120 4165 1157 4215 als
1181 4180 1213 4214 zu
1236 4164 1344 4216 losende
