3067 4900
924 205 934 231 b

360 327 367 358 q
506 287 601 344 PART.
619 286 714 344 onan.
731 287 983 356 16‚‚5o-17‚ts.
1259 283 1302 347 bt

190 459 261 520 lium
276 464 306 518 et
320 457 397 518 iuter
411 471 443 515 se
458 453 651 532 pugnantium
669 469 771 514 rerum
787 452 933 514 condictIo
949 462 978 514 et
993 472 1098 515 causae
1114 462 1143 515 et
1159 472 1210 527 ea,
1226 473 1304 535 quae

190 549 259 603 sunt
279 547 341 601 orta
364 539 401 602 de
422 539 531 608 causis,
561 535 745 618 maximeque
766 537 969 613 similitudines
991 546 1020 598 et
1040 538 1188 619 exempla;
1217 540 1302 617 botae

190 627 278 688 etiam
293 642 447 705 personae,
464 630 546 684 muta
561 623 687 702 denique
701 620 874 703 loquantur,
892 624 1071 701 omninoque
1086 631 1204 685 essunt
1219 624 1301 685 adhi-

190 709 301 782 benda,
317 712 341 770 si
357 727 445 771 causa
460 709 583 788 patitur,
600 725 676 786 quae
691 706 838 768 habentur
852 725 974 786 magna,
993 725 1120 787 quorum
1136 716 1179 769 est
1193 708 1303 787 duplex

190 813 291 874 genus.
337 793 399 854 Aha
423 795 501 855 enim
524 800 626 853 natura
643 807 749 869 magua
763 792 914 861 videntur,
942 791 997 851 alia
1021 809 1091 852 usu:
1120 803 1240 862 natura,
1269 801 1303 853 ut
1323 801 1360 852 56

190 879 340 949 caelestia
364 885 396 939 ut
411 877 520 946 divina,
542 884 637 944 ntea,
659 893 787 956 quornm
803 876 949 938 obscurae
964 893 1085 945 causae,
1102 884 1147 946 ut,
1168 880 1303 940 interris

189 963 360 1042 mundoque
375 960 557 1023 admirabilia
572 967 744 1040 quaesunt,
761 960 920 1040 exquibus
935 959 1153 1040 similibusque,
1169 965 1195 1022 si
1209 969 1302 1023 atten-

191 1048 260 1117 das,
282 1047 318 1108 ad
334 1047 500 1126 augendum
516 1045 660 1125 permulta
676 1052 852 1125 suppetunt;
874 1063 946 1116 usu,
969 1063 1044 1124 quae
1057 1045 1194 1106 videntur
1209 1046 1304 1107 homi·

190 1132 279 1193 nibus
301 1139 351 1194 aut
369 1131 511 1209 prodesse
531 1137 582 1191 aut
602 1129 707 1190 obesse
729 1129 945 1203 vehementius,
968 1147 1096 1208 quorum
1111 1137 1180 1191 sunt
1194 1148 1304 1208 genera

191 1218 228 1279 ad
248 1216 483 1296 amplificandum
504 1217 569 1276 tria.
615 1213 690 1276 Nam
712 1221 762 1276 aut
784 1216 905 1276 caritate
925 1222 1082 1276 moventur
1100 1215 1249 1285 homiues,
1272 1222 1306 1275 ut

191 1303 328 1373 deorum,
351 1307 383 1361 ut
397 1303 527 1378 patriae,
543 1307 576 1360 ut
590 1307 761 1378 parentum;
786 1306 836 1358 aut
851 1315 967 1367 amore,
982 1300 1169 1368 othonum,
1186 1306 1218 1360 ut
1232 1317 1305 1360 cou-

189 1389 306 1464 iugum‚
328 1395 362 1448 ut
375 1384 552 1454 liberorum,
576 1393 609 1444 ut
628 1381 834 1450 familiarium
858 1392 909 1444 aut
928 1383 1095 1452 honestate,
1117 1391 1150 1444 nt
1162 1385 1305 1446 virtutum

189 1473 375 1550 maximeque
392 1488 509 1540 earum,
533 1487 609 1549 quae
624 1467 661 1528 ad
677 1469 917 1529 communionem
931 1468 1084 1528 hominum
1101 1477 1130 1529 et
1143 1467 1304 1530 liberalita-

191 1563 250 1616 tem
265 1553 372 1616 valent.
415 1555 460 1617 Eu
474 1553 520 1614 bis
536 1559 564 1613 et
579 1552 799 1614 cohortationes
813 1559 969 1614 sumuntur
984 1552 1020 1613 ad
1037 1571 1071 1613 en
1086 1554 1254 1625 retinenda,
1275 1558 1306 1612 et

189 1643 220 1700 in
237 1657 296 1709 eos,
314 1657 330 1699 a
346 1637 454 1718 quibus
469 1656 503 1699 ea
519 1633 622 1698 violata
638 1635 716 1706 suut,
732 1637 799 1698 odia
815 1639 987 1708 incitantur,
1005 1643 1034 1697 et
1049 1639 1199 1698 miseratio
1211 1639 1305 1699 nasci·

153 1777 155 1782 .
189 1732 249 1784 tur.
291 1723 435 1802 Proprius
449 1721 532 1783 locus
547 1729 592 1782 est
606 1721 734 1799 augendi
748 1723 779 1781 in
794 1721 841 1782 his
856 1720 946 1782 rebus
962 1730 1012 1782 aut
1026 1724 1140 1782 amissis
1154 1730 1205 1783 aut
1219 1724 1302 1783 amit·
1311 1718 1410 1799 lton

190 1807 273 1868 tendi
292 1806 442 1886 periculo;
465 1806 538 1866 nihil
559 1815 604 1868 est
625 1808 703 1866 enim
725 1811 786 1868 tam
807 1805 978 1868 miserabile
992 1824 1080 1885 quam
1096 1826 1132 1868 ex
1146 1805 1233 1879 beato
1249 1808 1304 1867 mi·

133 1929 134 1934 κ
190 1909 248 1952 ser.
294 1891 331 1952 Et
350 1893 408 1952 hoc
422 1898 517 1953 totum
532 1891 651 1970 quidem
666 1900 797 1959 moveat,
819 1893 845 1952 si
860 1909 917 1970 qua
933 1910 970 1951 ex
989 1890 1106 1953 fortuna
1128 1894 1196 1970 quis
1211 1893 1304 1959 cadat,

192 1984 236 2046 et,
254 1995 270 2038 a
286 1994 412 2056 quorum
429 1977 550 2037 caritate
565 1973 732 2044 divellatur,
749 1992 824 2054 quae
839 1977 952 2036 amittat
967 1984 1017 2036 aut
1027 1978 1178 2044 amiserit,
1194 1978 1225 2035 iu
1241 1979 1305 2055 qui·

191 2061 248 2122 hus
263 2059 347 2122 malis
362 2063 400 2121 sit
415 2060 569 2121 futurusve
584 2062 630 2128 sit,
648 2062 830 2138 exprimatur
844 2058 983 2121 breviter.
1028 2059 1091 2121 Cito
1107 2061 1184 2120 euim
1199 2062 1308 2120 arescit

189 2144 327 2215 lacrima,
348 2147 526 2225 praesertim
540 2146 571 2203 in
587 2142 689 2204 alienis
703 2141 798 2202 malis.
842 2143 903 2203 Nec
918 2143 1078 2223 quidquam
1100 2145 1131 2203 iu
1146 2141 1306 2222 amplifica·

190 2231 272 2290 tione
293 2230 381 2290 nimis
401 2226 617 2289 enucleandum
637 2234 695 2296 est,
717 2229 831 2288 minuta
854 2236 899 2287 est
920 2229 998 2287 enim
1021 2230 1117 2288 omnis
1139 2227 1304 2306 diligentia3

190 2313 241 2373 hic
267 2321 364 2374 autem
390 2312 473 2373 locus
497 2311 620 2392 grandia
633 2312 779 2391 requirit.
866 2310 941 2371 lllud
959 2314 1017 2371 iam
1040 2320 1085 2372 est
1104 2312 1219 2381 iuditii,
1245 2330 1305 2392 quo
1326 2317 1363 2369 58

192 2415 309 2479 quaque
324 2399 355 2459 in
372 2415 459 2459 causa
475 2413 585 2477 genere
598 2403 716 2459 utamur
732 2394 869 2475 augendi.
899 2396 932 2457 ln
947 2395 1006 2457 illis
1021 2398 1101 2458 enim
1111 2399 1214 2469 causis,
1231 2415 1307 2477 quae

192 2482 229 2544 ad
250 2482 475 2546 delectationem
495 2492 693 2553 exornantur,
717 2484 744 2545 ei
765 2482 824 2542 loci
847 2482 995 2543 tractandi
1015 2489 1098 2552 sunt,
1121 2485 1173 2562 qui
1186 2501 1307 2545 movere

223 2654 400 2703 simtlltndinee
413 2636 523 2717 analoge
540 2650 616 2701 Fdlle.

220 2722 298 2781 fictae
309 2734 437 2784 personae
452 2719 546 2769 mittels
557 2720 603 2769 der
613 2732 725 2785 προσω·

191 2786 314 2837 nonottot
335 2786 378 2838 Or.
392 2788 438 2846 25,
456 2796 481 2837 aa
502 2802 553 2836 non
573 2786 650 2837 faciet
669 2802 722 2836 rem

773 2652 886 2701 munitos
895 2652 1049 2707 coutinetnr;
1063 2652 1136 2702 ottins
1145 2662 1231 2717 partes
1241 2653 1308 2702 duae

775 2729 843 2777 sunt,
856 2717 897 2769 die
909 2720 1007 2769 iustitio
1019 2720 1072 2769 und
1084 2720 1232 2771 liberalitas.

807 2789 936 2837 miseratio
949 2814 981 2823 —
993 2786 1034 2836 die
1043 2787 1098 2837 also
1110 2788 1165 2837 hier
1176 2789 1223 2837 mit
1234 2798 1309 2836 unter

190 2853 320 2919 publicam
341 2854 487 2915 loquentem
511 2868 557 2903 neo
579 2856 610 2903 ab
633 2853 722 2904 inieris

190 2931 306 2971 mortuos
319 2923 438 2972 excitabit
448 2921 480 2971 de
492 2936 529 2973 or.
543 2924 554 2971 Ι
566 2924 607 2982 bl,
620 2932 666 2973 nen.

224 2995 292 3039 muta
314 2989 485 3055 Top.10‚45
509 2990 534 3037 iu
558 2988 607 3038 hoc
630 3004 723 3055 genere

192 3056 335 3107 oratoribus
349 3082 380 3093 -
393 3070 545 3107 conoessum
556 3066 607 3117 est,
627 3066 655 3106 nt
665 3071 722 3106 mu-

191 3135 217 3175 ta
233 3126 308 3173 etiem
325 3123 476 3185 loquantur,
494 3132 522 3175 nt
533 3124 626 3173 mortui
639 3125 670 3173 ab
684 3124 723 3172 in-

190 3192 252 3243 feris
265 3193 415 3241 excitentur.

223 3261 248 3310 cl
262 3274 341 3311 emeca
353 3262 454 3324 potitur
472 3260 517 3320 15,
535 3268 572 3319 ⁵43
595 3260 641 3319 m,
659 3268 685 3308 74
700 3258 723 3307 si

189 3342 231 3377 res
243 3329 363 3393 patietur.

224 3405 249 3446 56
267 3402 360 3445 nanno
371 3394 418 3445 das
430 3393 567 3461 physisoh-
579 3393 634 3443 und
645 3402 724 3444 meta·

189 3462 428 3535 physisob·gtqsse
445 3462 498 3513 und
516 3462 654 3523 erltobene,
675 3474 723 3513 otu

191 3530 237 3579 das
250 3530 427 3581 ethiech-hohe
439 3530 492 3581 und
503 3530 630 3595 wiehtige.

225 3599 346 3649 caelestia
358 3596 457 3655 Sonne,
469 3597 547 3646 blond
560 3598 612 3647 und
624 3596 722 3657 Sterue,

189 3664 354 3727 siderumque
364 3662 460 3716 motus.

192 3733 310 3849 Odioino
326 3732 368 3781 die
384 3733 481 3791 omine,
503 3729 722 3796 Weissngungen,

214 3799 293 3849 rahel.

225 3866 348 3919 obomrae
360 3881 453 3917 eamne
465 3866 506 3915 die
518 3864 643 3915 Wunder.

225 3936 334 3986 caritate
352 3935 398 3994 25,
415 3943 453 3993 883
477 3934 509 3983 de
525 3948 562 3983 or.
580 3933 603 3982 ll
620 3933 666 3993 bl,
685 3942 724 3982 noo

190 4002 371 4067 ,Verehrnng‘.

225 4072 358 4122 honestate
376 4068 486 4119 sittliche
497 4068 723 4133 Wertsohtitnnng.

225 4140 382 4205 mavimeqoe
394 4146 440 4187 etc.
453 4137 485 4187 de
498 4136 539 4186 off.
553 4138 564 4186 l
576 4139 600 4197 l,
613 4146 639 4186 to
651 4136 723 4186 latis-

193 4204 256 4255 sime
268 4216 338 4272 patet
350 4221 379 4256 ee
390 4206 470 4266 ratio,
490 4220 539 4268 qna
552 4206 661 4271 societas
674 4204 723 4253 ho·

192 4273 289 4322 minum
301 4275 366 4325 inter
377 4275 450 4339 ipsos
460 4284 485 4322 et
492 4274 562 4323 vitae
568 4275 643 4336 quasi
652 4286 722 4323 eom·
741 4338 742 4343 Ἰ

774 2854 816 2905 die
827 2853 992 2919 amplificatio
1004 2855 1140 2918 gereebnet
1150 2855 1223 2904 wird.

808 2923 855 2982 1⁷,
871 2931 896 2971 bt
912 2922 1055 2971 uenerabile
1072 2922 1105 2971 ad
1116 2922 1175 2971 Her.
1188 2922 1210 2970 Π
1222 2924 1268 2981 31,
1281 2932 1309 2972 50

773 2987 949 3037 misericordia
965 2989 1165 3051 commovebitur
1184 2989 1308 3038 auditori-

773 3056 836 3117 bus,
850 3056 872 3104 si
884 3055 982 3104 variam
993 3054 1154 3105 fortunarum
1165 3065 1307 3107 commnta-

772 3124 868 3173 tionem
880 3123 1003 3174 dicemus.

807 3190 918 3241 breuiter
930 3191 963 3241 od
974 3191 1033 3241 Her.
1046 3190 1062 3241 l.
1077 3191 1094 3244 l.
1107 3193 1309 3243 commiseratio-

774 3272 832 3307 nem
844 3258 947 3308 brevem
959 3274 1016 3309 esse
1029 3270 1143 3325 oportet,
1160 3260 1222 3309 nihil
1239 3262 1307 3310 enim

774 3326 849 3375 citius
858 3325 961 3375 lacrima
970 3328 1063 3377 arescit
1074 3328 1106 3377 de
1116 3329 1169 3379 inv.
1182 3330 1193 3377 l
1204 3330 1238 3379 bb
1248 3329 1309 3379 diu-

773 3395 826 3444 tius
835 3395 862 3444 in
870 3395 1055 3457 conquestione
1063 3397 1158 3445 morari
1167 3410 1219 3444 non
1230 3410 1308 3460 opor-

773 3463 848 3523 tebit;
866 3462 1080 3524 quemadmodum
1093 3463 1160 3511 enim
1173 3463 1238 3511 dixit
1248 3463 1307 3512 rhe-

774 3538 814 3578 tor
834 3529 1002 3594 Apotlonins‚
1024 3530 1128 3578 lacrima
1148 3529 1212 3579 nihil
1231 3530 1308 3579 citius

774 3596 875 3646 erescit.

808 3664 881 3712 emnia
903 3666 1081 3715 enuclemtdum
1103 3690 1137 3700 -
1158 3665 1206 3713 mit
1228 3663 1308 3714 tllzn-

775 3744 880 3795 grosser
892 3730 996 3780 Akribie
1008 3733 1061 3781 und
1070 3730 1253 3781 Ndchternheit
1262 3732 1307 3782 be-

773 3797 898 3858 hondeln,
920 3798 1060 3863 gleichsam
1079 3799 1119 3849 bio
1139 3800 1179 3849 ins
1200 3799 1311 3851 kleinste

774 3864 989 3918 Detailseoieren.
1057 3896 1059 3902 .
1206 3873 1210 3891 '·

808 3934 940 3998 diligentia
950 3933 1018 3986 hier:
1031 3931 1220 4000 Detoillierung.

808 4009 834 4049 58
844 4002 932 4051 indicti
943 4004 1002 4062 3283
1016 4001 1048 4051 de
1060 4016 1097 4054 or.
1109 4002 1186 4067 1141,
1199 4012 1248 4061 175;
1261 4004 1306 4063 81,

774 4076 813 4117 auo
829 4067 876 4116 sed
893 4068 996 4129 qnando
1013 4069 1134 4119 utendum
1152 4071 1186 4119 sit
1197 4079 1242 4119 eut
1253 4083 1306 4118 non

774 4135 808 4184 sit
819 4136 972 4197 narratione,
985 4136 1011 4187 id
1022 4146 1062 4187 eet
1073 4136 1181 4187 consilii.
1288 4141 1291 4149 “

807 4202 1048 4256 aduentantem
1064 4208 1095 4270 3,
1113 4216 1148 4261 10;
1168 4206 1214 4263 20,
1231 4214 1256 4255 oa
1272 4228 1308 4240 —

773 4270 828 4321 also
842 4270 877 4320 im
890 4286 971 4338 genus
984 4272 1218 4323 demonstrativum.
