3067 4900
249 221 291 287 68
597 225 693 284 rtur.
710 227 808 284 utar.
827 226 877 295 rt,
893 230 1027 307 eta-en.¹

251 401 281 453 et
296 401 417 454 eventus
433 399 462 452 et
477 391 688 470 consequentia
703 393 903 472 requirentur.
948 391 1051 472 Neque
1073 410 1142 454 vero
1156 411 1239 454 mors
1255 413 1381 462 eorum,

251 493 378 558 quonam
399 476 457 536 vita
476 473 660 544 laudabitur,
683 474 800 535 silentio
821 476 980 554 praeteriri
1001 473 1133 546 debebit,
1155 478 1283 538 simodo
1300 480 1381 556 quid

252 561 309 620 erit
330 557 626 621 animadvertendum
647 567 698 618 aut
717 561 748 620 in
769 561 833 640 ipso
855 576 965 638 genere
980 561 1086 621 mortis
1101 563 1194 622 autin
1210 563 1252 622 eis
1268 561 1381 632 rebus,

256 661 332 722 quae
345 652 414 721 post
428 651 554 704 mortem
571 649 659 704 erunt
675 651 863 704 consecutae.

151 729 208 810 24,
215 737 249 789 83
338 727 373 788 C.
395 728 427 788 F.
454 727 563 804 Accepi
582 729 637 786 ista
659 725 807 806 didicique
828 725 959 787 breviter
980 745 1041 787 non
1061 727 1158 790 solum
1179 729 1378 808 quemadmo-

252 812 323 872 dum
337 809 488 872 lsndarem
505 810 640 882 alterum,
657 810 709 871 sed
725 811 815 872 etiam
829 811 1080 891 quemadmodum
1096 815 1241 883 eniterer,
1257 822 1377 893 utpos-

252 913 314 958 sem
328 897 394 975 ipse
407 897 473 958 inre
489 894 613 956 laudari.
657 893 815 956 Videamus
834 896 925 973 igttm
945 895 1087 976 deinceps
1107 899 1138 956 in
1158 899 1304 959 sententia
1324 898 1375 960 di·

253 979 346 1040 cende
362 997 450 1060 quam
465 982 542 1040 viam
557 986 676 1059 atquae
691 986 851 1058 praecepta
867 986 1031 1041 teneamus.
1118 981 1150 1042 C.
1167 980 1199 1041 P.
1214 981 1268 1042 Est
1281 982 1376 1060 igitur

251 1065 284 1126 in
299 1063 491 1126 deliberando
506 1063 573 1123 finis
588 1059 714 1136 utilitas,
737 1063 775 1123 ad
790 1081 879 1144 quem
895 1065 994 1124 omnia
1009 1066 1050 1124 ita
1064 1065 1238 1126 referuntur
1252 1069 1284 1125 in
1300 1083 1374 1126 con·

251 1147 317 1208 silio
332 1147 429 1209 dando
444 1148 650 1227 sententiaque
666 1146 801 1217 dicenda,
817 1155 850 1208 ut
864 1146 914 1208 illa
928 1149 1025 1227 prima
1040 1150 1100 1209 sint
1115 1152 1230 1213 suasori
1246 1159 1296 1210 aut
1311 1150 1371 1210 dis-

253 1234 369 1294 suasori
386 1230 520 1300 ridenda,
537 1230 607 1310 qnid
623 1237 674 1291 aut
687 1233 782 1309 possit
795 1232 860 1292 fieri
876 1241 926 1292 aut
940 1249 1001 1292 non
1014 1234 1109 1310 possit
1123 1241 1153 1293 et
1167 1233 1238 1312 quid
1254 1242 1303 1295 aut
1317 1253 1375 1295 ne·

254 1333 337 1376 cesse
352 1317 389 1377 sit
404 1323 530 1375 autnon
547 1331 679 1376 necesse.
724 1315 797 1376 Nam
815 1324 858 1385 et,
875 1316 899 1376 si
915 1315 986 1395 quid
1001 1315 1079 1378 effici
1093 1335 1155 1377 non
1167 1325 1281 1396 potest,
1297 1317 1373 1379 deli·

253 1399 368 1461 beratio
382 1398 504 1468 tollitur,
520 1400 652 1478 quamvis
667 1399 739 1460 utile
755 1401 802 1468 sit,
818 1409 856 1468 et
873 1403 898 1459 si
913 1400 983 1480 quid
998 1419 1121 1462 necesse
1137 1409 1182 1462 est
1191 1436 1235 1450 —-
1250 1419 1373 1463 necesse

254 1484 397 1545 autemid
414 1491 472 1554 est,
495 1486 559 1544 sine
575 1501 634 1564 quo
650 1483 721 1544 salvi
736 1481 859 1545 liberive
874 1501 940 1545 esse
955 1502 1015 1544 non
1031 1503 1188 1563 possumus
1203 1522 1259 1556 —,
1282 1486 1311 1546 id
1327 1495 1374 1547 est

252 1566 375 1648 reliquis
397 1577 426 1628 et
446 1567 650 1629 honestatibus
671 1569 702 1628 in
723 1566 800 1628 civili
822 1569 938 1629 ratione
958 1577 988 1629 et
1008 1570 1172 1630 commodis
1187 1580 1373 1650 anteponen-

198 1661 234 1712 84
256 1652 337 1714 dum.
382 1653 455 1714 Cum
470 1661 568 1712 autem
584 1652 739 1729 quaeritur
753 1651 824 1730 quid
838 1653 904 1711 fieri
919 1655 1026 1730 possit,
1048 1653 1206 1714 videndum
1224 1657 1312 1715 etiam
1327 1663 1373 1716 est

256 1753 345 1814 quam
361 1735 447 1798 facile
462 1737 564 1814 possit.
610 1735 684 1800 Nam
700 1754 776 1814 quae
789 1735 977 1815 perdifficilia
992 1745 1074 1807 sunt,
1096 1738 1221 1818 perinde
1235 1738 1373 1800 habenda

254 1837 344 1900 saepe
359 1828 427 1880 sunt
442 1837 477 1879 ac
492 1821 517 1878 si
533 1820 611 1880 effici
625 1837 685 1880 non
700 1821 823 1899 possint.
858 1819 977 1881 Etcum
993 1820 1031 1880 de
1046 1823 1221 1882 necessitate
1236 1822 1372 1884 attende·

255 1921 335 1974 mus,
359 1905 413 1966 etsi
428 1902 539 1983 ailquid
554 1920 614 1964 non
630 1906 830 1965 necessarium
845 1904 1006 1974 videbitur,
1028 1905 1187 1980 videndum
1200 1914 1299 1966 umen
1315 1907 1374 1966 erit

255 2005 344 2068 wem
360 1991 398 2050 sit
411 2005 561 2066 magnum.
604 1987 688 2059 Quod
705 1989 784 2048 enim
799 1990 956 2067 permagni
970 1991 1108 2061 interest,
1130 2008 1187 2069 pro
1203 1992 1372 2051 necessario

201 2081 234 2132 85
257 2089 347 2152 saepe
367 2072 505 2134 babetur.
550 2072 653 2151 ltaque
674 2090 741 2134 cum
763 2081 879 2133 constet
898 2073 955 2133 boc
975 2091 1069 2151 genus
1085 2091 1240 2134 cansarum
1256 2093 1292 2136 ex
1306 2093 1373 2134 sua·

255 2159 339 2216 sione
361 2166 390 2218 et
405 2157 602 2224 dissuasione,
624 2158 740 2216 suasori
759 2158 936 2237 proponitur
956 2157 1081 2235 simplex
1102 2160 1192 2218 ratio:
1217 2161 1243 2219 si
1258 2167 1288 2218 et
1304 2157 1373 2220 utile

255 2319 302 2356 sna
320 2305 411 2366 cuique
427 2305 514 2353 virtuti
525 2304 582 2354 laus
595 2305 701 2370 proprie
712 2305 789 2354 debe-
839 2307 948 2364 bl,156;
972 2308 1137 2368 deor.131‚
1155 2320 1192 2359 141
1207 2308 1273 2358 ulios
1290 2309 1373 2372 (locos

254 2381 309 2436 tur,
327 2371 374 2421 erit
390 2371 570 2436 explicandum
586 2372 612 2420 in
628 2371 703 2421 laude
715 2373 790 2421 iusti·
840 2374 909 2434 esse)
926 2374 952 2422 in
969 2374 1208 2434 deliberationibus,
1227 2378 1271 2437 qui
1285 2391 1372 2426 omnes

255 2441 317 2498 tiae,
330 2439 392 2502 quid
404 2454 462 2489 cum
474 2438 536 2499 fide,
550 2439 682 2502 quidcem
694 2455 789 2502 aequa·
817 2453 821 2461 ·
839 2440 873 2490 ad
884 2441 1016 2493 ιιὶἰὶίίαίαη
1027 2441 1197 2508 dirigerentur
1206 2459 1302 2504 eorum,
1315 2445 1374 2506 qui·

255 2506 360 2569 bilitete,
371 2507 435 2568 quid
447 2520 505 2555 cum
514 2506 641 2556 eiusmodi
650 2507 736 2569 aliquo
751 2506 790 2557 of·
839 2509 887 2557 bus
900 2508 1037 2559 consilium
1048 2510 1178 2564 daremus.

255 2572 314 2621 licio
331 2574 353 2621 is
371 2574 416 2635 qui
431 2573 577 2623 laudabitur
592 2573 693 2635 lecerit;
716 2576 789 2623 item·
873 2577 911 2625 ita
921 2577 968 2625 mit
978 2576 1025 2625 der
1035 2577 1247 2644 Beschrdnkung,

255 2655 306 2702 que
320 2640 347 2688 in
365 2641 454 2689 ceteris
466 2656 507 2689 res
519 2650 608 2705 gestae
619 2640 653 2689 ad
664 2641 789 2703 ornusque
874 2644 936 2707 quid
951 2650 996 2693 aad
1010 2648 1096 2709 possit
1110 2657 1158 2695 etc.
1187 2647 1275 2697 deor.
1292 2647 1371 2705 1182,

256 2708 356 2757 virtutis
377 2722 459 2773 genus
481 2717 506 2757 et
521 2708 572 2757 vim
589 2720 614 2757 et
634 2722 726 2758 nomen
747 2722 790 2756 ac·
840 2719 878 2759 aas
895 2708 942 2760 sed
958 2710 1020 2772 quid
1031 2712 1087 2761 fieri
1097 2715 1183 2778 possit
1194 2723 1238 2764 aut
1249 2729 1302 2763 non
1313 2728 1373 2780 poa—

255 2775 493 2825 commodabuntnr.
839 2778 875 2825 sit
886 2777 1000 2840 quidque
1011 2780 1089 2828 etiem
1106 2782 1140 2831 sit
1151 2796 1256 2831 neeesse
1267 2791 1311 2831 ant
1323 2795 1373 2831 non

288 2874 790 2941 amm>
841 2844 1372 2911 ἃ

254 2944 296 3003 24¹
310 2945 412 3041 &⁸⁹7²
424 2954 459 2996 ⁸⁷·
842 2979 865 3027 si
881 2978 1035 3044 intellegitur
1055 2996 1108 3031 non
1124 2997 1204 3048 posse
1219 2982 1275 3033 lieri
1292 2993 1336 3033 aut
1351 2951 1373 3031 si

289 3028 331 3089 24,
344 3035 369 3075 ⁸³
380 3042 436 3089 'lm
449 3029 490 3089 23,
504 3038 537 3079 ⁷9·
841 3047 982 3097 necessitas
998 3047 1122 3108 adfertur,
1141 3051 1228 3113 etqui
1245 3052 1272 3101 id
1289 3051 1374 3101 docuit

288 3108 316 3155 in
335 3111 463 3159 sententia
483 3111 592 3161 dicendo
614 3112 654 3161 bei
675 3112 790 3162 Abstim·
840 3129 892 3163 non
904 3115 1049 3165 videntibus
1062 3117 1134 3176 aliis,
1151 3120 1174 3166 is
1186 3118 1325 3181 plurimum
1336 3118 1375 3165 vi·

255 3188 368 3238 mungen
391 3176 445 3223 und
465 3176 788 3245 Meinungsdusserungen,
840 3182 885 3231 dit.
899 3183 1218 3247 Aristocrhet.14(p.1e
1231 3183 1268 3247 Sp
1289 3183 1307 3245 l)
1320 3173 1373 3233 ὅσα

254 3239 449 3307 hauptssohlieh
465 3242 501 3289 im
514 3241 603 3303 Sonat,
621 3260 662 3295 wo
680 3246 726 3296 das
744 3264 790 3312 ge·
840 3242 874 3299 dd
894 3242 924 3311 ἐξ
945 3241 1074 3316 ἀνάγκης
1090 3238 1240 3328 dadosius}
1272 3263 1337 3301 osus
1358 3241 1373 3263 '⁸

255 3323 304 3358 nus
326 3307 518 3359 deliberativum
539 3312 609 3360 selue
626 3311 790 3378 Hauptstdtte
840 3306 988 3368 ἀδύνατον
1006 3311 1082 3368 εἶναι
1098 3334 1115 3380 η
1132 3312 1287 3382 γενέσθαι,
1308 3332 1373 3382 respa

256 3376 300 3424 bat
317 3376 350 3425 de
362 3376 413 3428 inv,
425 3377 436 3425 l
449 3379 478 3437 ὅ,
491 3389 502 3427 t
514 3376 705 3429 deliberativum
719 3382 790 3443 quod
841 3376 875 3433 dd
887 3376 995 3435 cedros
1007 3377 1058 3433 oda
1071 3377 1132 3434 ἔστι
1144 3378 1301 3449 συμβουλή.

256 3443 371 3507 positum
389 3444 415 3494 in
432 3444 618 3511 disceptatione
635 3446 749 3498 habetin
762 3465 791 3499 se
874 3451 1047 3504 comeantibus
1075 3450 1109 3501 ist
1131 3460 1211 3501 etwas
1235 3453 1373 3517 unbedingt

254 3512 396 3562 sententiae
412 3513 560 3570 dictionem,-
577 3514 658 3568 deor.
677 3517 687 3564 l
706 3518 750 3575 10,
764 3529 791 3567 44
841 3519 1002 3584 notwendig‚
1025 3534 1055 3568 so
1072 3520 1133 3569 dass
1149 3519 1235 3570 dauon
1252 3519 1371 3571 Existenz

257 3586 284 3624 ut
297 3578 326 3647 in
342 3580 506 3629 contionibus
524 3590 547 3629 et
563 3583 589 3628 in
606 3584 738 3633 sententiis
751 3585 791 3633 di·
841 3585 894 3634 nnd
905 3585 1016 3635 l'reiheit
1027 3586 1154 3652 abhiugt,
1174 3602 1204 3637 so
1217 3591 1322 3639 missen
1333 3588 1372 3636 die

212 3702 216 3709 Ι
256 3643 343 3691 caudis
365 3646 398 3695 ad
418 3646 625 3710 persuadendum
645 3659 689 3698 tua
710 3650 791 3715 pluri-
841 3654 975 3717 sonatigen
992 3652 1163 3705 Riicksiehten
1179 3655 1227 3705 aui
1239 3660 1372 3721 grosseren

255 3720 325 3755 mum
337 3711 420 3762 valeat
432 3713 521 3765 oratio.
840 3719 925 3769 Ruhm
942 3720 969 3765 in
986 3719 1136 3782 politiscber
1148 3722 1296 3787 Beziehnng
1315 3722 1372 3769 oder

288 3774 315 3851 {a
327 3777 493 3831 deliberando
504 3806 538 3817 -
553 3781 589 3829 im
601 3796 683 3847 genus
695 3781 791 3833 deliba·
840 3785 888 3835 auf
896 3788 1032 3849 grdsseren
1044 3786 1142 3837 Vorteil
1153 3789 1317 3839 entschieden
1329 3802 1371 3835 eu-

255 3848 364 3889 rauvum
381 3840 475 3907 (γένος
491 3842 746 3915 συμβουλευτικόν)
762 3854 788 3909 3,
841 3852 992 3900 rrielttreten.

256 3906 515 3985 1⁰;,adlier.12,a;
534 3914 789 3977 deor.1182,tueff.
873 3929 901 3968 84
919 3920 1078 3969 attenderam
1100 3920 1132 3969 de
1149 3920 1327 3977 cr.-135,161
1346 3921 1370 3969 id

256 3973 340 4033 Quint.
353 3974 387 4023 lll
398 3976 426 4052 4⁹,
438 3986 462 4024 aa
474 3977 500 4025 ff.
839 3985 982 4034 mehercule
993 3987 1079 4051 ipsum
1091 3985 1204 4037 attendo.

289 4044 386 4093 aumas
397 4058 429 4092 το
443 4042 591 4109 συμφέρον
603 4051 709 4101 Aristar.
722 4052 788 4102 rhet.
872 4061 899 4101 85
922 4068 957 4101 ex
975 4054 1095 4104 moue
1115 4065 1161 4105 etc.
1192 4051 1302 4104 Aristot.
1325 4055 1370 4106 ta

255 4109 334 4185 {aa
354 4109 392 4175 (p.
409 4110 442 4187 δῇ
459 4106 536 4174 Spgl)
546 4112 719 4196 calcareas
732 4114 789 4185 γὰρ
839 4114 1002 4200 συμριιυλῆς
1021 4114 1053 4198 ot
1071 4115 1103 4171 τὸ
1116 4115 1169 4183 μὲν
1180 4114 1327 4187 προτροπὴ
1340 4115 1369 4174 cd

254 4190 382 4235 απαντες
397 4195 436 4247 τῳ
454 4172 628 4243 συμφέροντι
648 4184 680 4233 de
695 4200 747 4235 rnv.
764 4187 789 4233 Π
839 4178 872 4236 δὲ
884 4200 1042 4251 unocpomp.
