3067 4900
254 280 297 347 50
605 287 703 344 Pani.
720 286 817 344 buti.
835 286 883 350 12,
900 291 1016 344 42-43.

258 453 330 532 quid
345 455 382 513 sit
397 452 518 514 eluceat.
551 451 609 514 Sed
624 453 762 532 quoniam
779 452 816 512 de
829 454 961 532 propriis
972 454 1067 514 oritur
1077 451 1252 536 plerumque
1264 475 1372 535 magna

244 538 411 605 dissensio,
429 536 627 607 definiendum
643 555 730 615 saepe
746 545 841 598 estex
856 538 1019 607 contrariis,
1035 555 1123 616 saepe
1134 541 1220 600 etiam
1233 559 1270 600 ex
1285 542 1371 602 dissi·

258 621 393 693 milibus,
415 623 503 701 saepe
518 639 555 682 ex
567 619 699 700 paribus.
731 621 930 694 Quamobrem
944 621 1156 702 descriptiones
1170 643 1287 705 quoque
1302 633 1372 686 sunt

258 710 290 768 in
304 707 362 767 hoc
377 723 487 783 genere
502 723 590 785 saepe
605 713 691 784 aptae
703 713 732 767 et
743 707 924 767 enumeratio
939 709 1193 787 consequentium,
1206 710 1239 770 in
1251 711 1376 789 primis·

260 810 318 871 que
334 798 498 852 commoret
512 789 667 869 explicatio
683 789 818 851 vocabuli
832 809 866 851 ec
880 793 1017 853 nominis.

201 885 236 936 42
343 874 373 936 G.
389 875 422 936 F.
446 876 521 936 Sunt
542 875 673 955 exposita
693 877 750 936 iam
772 875 835 936 lere
857 894 906 945 ea,
928 895 1004 956 quae
1025 876 1061 937 de
1081 877 1158 939 iacto
1180 895 1312 958 quaeque
1333 877 1370 938 de

257 960 327 1021 iacti
342 959 536 1040 appellatione
550 967 741 1038 quaeruntur.
771 958 884 1041 Nempe
898 962 988 1038 igitur
1002 980 1036 1022 ea
1051 969 1177 1032 restant,
1200 981 1286 1043 qnae,
1302 981 1371 1024 cnm

257 1053 287 1106 et
299 1043 408 1106 lactum
421 1052 536 1104 constat
548 1052 576 1104 et
587 1062 705 1114 nomen,
714 1041 815 1124 ¹q'ualia
825 1046 885 1105 sint
896 1054 1017 1106 vocatur
1025 1044 1197 1107 indubium.
1229 1048 1260 1109 C.
1272 1047 1304 1108 P.
1319 1047 1371 1107 Est

256 1131 305 1200 ita,
321 1135 354 1189 nt
369 1129 450 1189 dicis.
481 1128 511 1190 C.
524 1128 555 1187 F.
575 1128 656 1200 Quae
671 1136 740 1190 sunt
753 1130 844 1206 igitur
858 1130 889 1190 in
903 1149 938 1190 eo
953 1148 1064 1208 genere
1079 1131 1195 1210 partes?
1223 1130 1254 1192 C.
1265 1130 1298 1190 P.
1314 1133 1374 1192 Aut

257 1216 322 1275 inre
337 1213 446 1274 iactum
462 1211 628 1292 depellendi
643 1220 693 1274 aut
707 1213 869 1276 ulciscendi
883 1213 993 1275 doloris
1004 1217 1107 1293 gratia,
1124 1225 1175 1276 aut
1188 1217 1307 1294 pietatis
1322 1223 1374 1276 aut

257 1297 414 1378 pudicitiae
430 1303 480 1357 aut
493 1295 646 1376 religionis
661 1304 710 1359 aut
722 1299 836 1378 patriae
846 1301 974 1365 nomine.
991 1307 1040 1360 ant
1049 1299 1175 1378 denique
1186 1301 1370 1371 necessitate,

200 1391 234 1442 43
255 1383 424 1452 inscientia,
447 1399 525 1443 casu.
612 1383 687 1444 Nam
709 1402 785 1463 quae
805 1391 887 1445 motu
907 1386 998 1445 animi
1013 1392 1042 1446 et
1055 1383 1278 1463 perturbatione
1293 1382 1370 1443 facta

258 1469 321 1526 sine
342 1467 456 1527 ratione
476 1475 558 1538 sunt,
580 1486 614 1529 ea
629 1467 831 1530 defensionem
852 1475 954 1530 contra
969 1469 1081 1530 crimen
1095 1471 1128 1530 in
1141 1468 1280 1548 legitimis
1294 1467 1370 1527 iudi·

291 1705 323 1753 de
333 1705 450 1767 propriis
466 1718 519 1752 was
538 1719 570 1751 zu
586 1703 635 1752 den
653 1715 789 1752 weseot-
875 1705 960 1769 qualia
972 1703 1003 1752 de
1015 1706 1066 1752 inv.
1079 1705 1124 1763 18,
1135 1716 1160 1754 ro
1172 1719 1228 1753 enm
1238 1718 1298 1753 vero
1308 1718 1383 1766 que.

256 1771 361 1820 lichen
378 1771 532 1820 Merlimelen
554 1772 599 1820 des
617 1769 725 1835 Begriffa
744 1786 789 1834 ge·
840 1771 872 1820 lis
889 1785 930 1818 res
949 1772 983 1818 sit
1000 1773 1140 1832 quaeritur,
1158 1774 1219 1833 quie
1231 1773 1299 1821 etde
1310 1773 1336 1819 vi
1348 1782 1372 1818 et

257 1838 361 1888 hirede
374 1836 569 1898 or.'11129,115;
584 1836 787 1903 Quintum.
840 1839 872 1888 de
892 1852 985 1903 genere
1008 1839 1105 1902 negotii
1127 1840 1300 1889 controversie
1324 1850 1377 1897 est,

290 1921 326 1957 ecc
348 1906 486 1956 contrariis
507 1920 550 1954 um
567 1921 599 1954 zu
616 1905 685 1955 einer
701 1904 789 1954 ldaren
841 1906 989 1956 constitutio
1006 1905 1132 1970 generalis
1148 1916 1266 1966 vocatur;
1288 1905 1374 1963 1121,

257 1974 310 2024 und
330 1975 489 2023 bestimmten
507 1971 790 2038 Begrilisbestimmung
839 1972 904 2026 1111.
923 1972 955 2021 de
967 1987 1003 2022 or.
1016 1973 1039 2020 ll
1052 1973 1093 2031 26,
1106 1982 1153 2035 106,
1165 1973 1212 2035 (ΙΙΙ
1225 1975 1265 2030 19,
1279 1970 1324 2033 to).

257 2057 290 2092 eu
307 2041 446 2107 gelsngeu,
463 2056 536 2092 muse
548 2055 607 2095 man
620 2040 657 2091 oit
668 2056 728 2090 vom
741 2039 790 2091 Ge·
873 2047 980 2093 occatur
990 2042 1017 2090 io
1028 2040 1126 2091 dubitem
1142 2042 1192 2088 wie
1205 2049 1280 2090 sonst
1290 2039 1372 2088 ambi·

257 2109 351 2175 genteil
378 2109 439 2158 oder
462 2109 527 2159 auch
547 2123 598 2158 von
619 2109 791 2160 nntihnlicben
842 2110 911 2175 gitur
924 2108 984 2158 oder
996 2108 1151 2172 disceptatur
1163 2110 1204 2167 31,
1218 2118 1264 2160 129.

258 2178 319 2226 oder
336 2176 402 2226 auch
417 2191 468 2226 von
484 2177 646 2228 verwendten
663 2177 791 2244 Regriffeu
873 2184 966 2242 partes
981 2204 1015 2212 —
1032 2176 1086 2224 hier
1102 2176 1221 2225 lrommen
1237 2175 1280 2225 die
1295 2173 1373 2223 Kete-

257 2243 397 2306 ausgehen.

292 2311 478 2373 descriptiones
497 2312 595 2370 19,11;
614 2313 661 2372 29,
675 2323 712 2361 tui
730 2327 790 2362 ens-

258 2376 410 2426 lbhrlichere
433 2376 657 2444 Beschreibungen
686 2379 790 2443 dessen,

256 2460 311 2494 was
329 2460 361 2495 zu
378 2445 436 2495 dem
453 2461 486 2495 zu
504 2445 668 2497 erklfirendeu
680 2445 791 2512 Begriffe

277 2512 364 2573 ehbrt,
398 2514 581 2564 inebesondere
614 2513 791 2578 (Cherukter-)

258 2530 460 2646 {childerungen
484 2596 556 2639 ,cum
578 2596 643 2642 quae
662 2581 745 2631 forma
767 2591 791 2630 et

259 2649 334 2710 quasi
347 2648 469 2697 naturalis
483 2658 544 2697 nota
556 2650 679 2711 cuiusque
691 2651 733 2708 sit,
746 2651 791 2699 de-

255 2714 389 2777 scribitur,
407 2726 435 2764 ut
452 2717 474 2765 si
491 2725 627 2778 quaeretur
644 2718 714 2767 avari
731 2732 790 2782 spe-

258 2786 318 2844 eies,
331 2784 456 2845 seditiosi,
468 2782 589 2849 gloriosi‘
607 2784 639 2834 de
652 2798 688 2838 or.
700 2783 735 2833 Ill
748 2786 790 2848 19,

259 2862 305 2904 111,
325 2852 390 2917 Top.
403 2854 445 2912 22,
457 2861 490 2902 81.

293 2926 371 2984 apiae
383 2919 433 2969 wol
445 2919 609 2986 engebracbt.

293 2990 497 3054 consequentium
514 2990 620 3049 33,114;
640 2990 733 3048 311111)
750 2988 792 3037 die

259 3054 407 3119 Auiailung
422 3055 467 3103 der
483 3056 530 3103 mit
546 3055 604 3104 dem
621 3056 792 3105 betreffenden

259 3119 358 3185 Begriil
375 3122 401 3168 in
422 3122 610 3185 notwendigem
627 3123 792 3173 Zusommen-

257 3186 329 3251 hung
341 3186 479 3236 stehenden
489 3188 707 3252 Erscheiuungcm
721 3204 792 3248 ,nam

258 3254 282 3303 si
295 3252 361 3302 hene
372 3268 424 3302 rem
436 3254 479 3301 illa
492 3257 616 3315 sequitur,
629 3256 695 3303 hane
707 3266 792 3304 autem

259 3334 311 3371 non
332 3322 447 3383 sequitur
465 3346 499 3357 -
519 3322 619 3384 (exeo)
641 3321 667 3370 id
687 3322 718 3371 de
739 3336 791 3385 quo

260 3390 390 3452 quaeritur
399 3389 500 3439 idemne
512 3403 544 3438 en
557 3388 626 3439 aliud
639 3391 673 3439 sit
683 3390 792 3439 inveniri

238 3468 244 3493 '=
260 3459 358 3523 potest‘
377 3456 442 3521 Top.
455 3458 496 3517 23,
506 3466 547 3516 ,883
567 3460 607 3517 11,
620 3466 654 3509 tt.

295 3526 436 3589 explicatio
448 3532 493 3574 stc.
512 3524 559 3574 Die
578 3524 793 3591 Worterldiruug

259 3592 355 3642 mittels
365 3594 409 3642 der
418 3592 580 3658 Etpmologie
592 3603 631 3654 ,ut
639 3594 662 3643 si
671 3608 717 3659 per
729 3584 792 3645 ico-

260 3658 401 3727 poiopiuv
423 3661 520 3710 dicetur
540 3660 714 3725 tyrannicidae
731 3676 793 3726 pro·

260 3728 345 3791 prium
358 3737 397 3778 est
407 3738 544 3793 tyrannum
557 3729 684 3779 occidere‘
706 3726 792 3787 Quint.

260 3792 286 3841 V
305 3795 395 3855 10,oa.
425 3795 793 3857 deor.1139,1eoexvooa-

259 3858 335 3919 bulo,
358 3871 385 3910 ut
402 3861 496 3913 Gerbo:
521 3865 543 3913 oi
563 3864 654 3914 consul
674 3873 725 3925 est,
748 3866 793 3928 qni

259 3926 372 4029 consulit
382 3932 492 3995 patriae,
505 3932 567 3994 qnid
578 3932 647 3983 alind
658 3931 719 3983 iecit
731 3932 793 3999 Opi-

259 4009 342 4045 maus.

296 4063 320 4126 c)
332 4062 374 4113 die
386 4074 537 4129 argumente
546 4067 614 4117 beim
626 4076 707 4117 status
718 4083 794 4133 pette-

260 4132 326 4182 ralis
339 4131 399 4181 oder
411 4130 539 4193 qualitatis
553 4135 594 4193 11,
606 4145 640 4185 ta.
652 4145 687 4189 11.

259 4209 321 4317 ὃ11
337 4200 610 4264 temperationem
628 4200 792 4264 Brut.t,14;

278 4278 332 4332 ,11,

842 2247 946 2310 gorieen
958 2245 1004 2294 der
1012 2243 1243 2308 Rechtmissigkeit
1251 2242 1312 2292 oder
1320 2240 1372 2291 Un-

841 2312 1065 2378 rechtmeissigkeit
1075 2311 1121 2361 der
1132 2311 1270 2376 Hendlung
1286 2312 1312 2358 in
1324 2308 1373 2356 Be-

841 2379 923 2430 tracht
941 2378 983 2428 Or.
996 2381 1037 2438 14,
1045 2389 1072 2430 45
1081 2379 1155 2442 quale
1164 2380 1206 2439 sit,
1219 2376 1380 2441 (quaeritari

841 2447 904 2497 recti
918 2447 1044 2512 pravique
1064 2447 1179 2513 pertibus
1200 2446 1232 2496 de
1245 2460 1280 2497 or.
1293 2445 1377 2504 1125,

841 2525 879 2566 101
902 2516 958 2563 iure
979 2523 1064 2564 autem
1088 2517 1173 2564 omnia
1193 2512 1376 2571 defenduntur,

842 2596 908 2645 quse
920 2592 980 2631 snut
991 2584 1045 2632 eins
1058 2583 1172 2647 generis,
1190 2593 1219 2631 ut
1234 2592 1278 2631 ent
1295 2594 1372 2645 opor-

841 2650 918 2699 tuerit
938 2660 982 2698 aut
1000 2650 1099 2699 licuerit
1119 2660 1163 2699 ant
1179 2662 1283 2698 necesse
1297 2647 1374 2697 inerit

842 2726 886 2766 ent
901 2718 1073 2782 imprudentia
1093 2728 1137 2767 aut
1152 2733 1215 2767 casu
1230 2716 1297 2784 fecte
1314 2730 1379 2765 esse·

842 2785 983 2834 uideantur.

876 2858 921 2903 aui
935 2855 992 2903 iore
1007 2880 1042 2889 -
1058 2853 1100 2903 die
1115 2852 1242 2903 lihetoren
1259 2850 1376 2916 pilegten

843 2920 922 2970 deber
938 2922 1026 2971 diesen
1044 2930 1125 2970 status
1141 2919 1266 2985 generetis
1278 2918 1373 2967 wieder

842 2990 868 3036 in
886 2989 934 3038 den
952 2999 1032 3039 status
1049 2988 1198 3038 iuridicialis
1221 2987 1273 3036 und
1289 2995 1377 3035 status>

843 3056 992 3122 negotialis,
1005 3072 1071 3119 quae
1082 3058 1109 3106 in
1121 3058 1179 3121 ipso
1193 3055 1296 3119 negotio
1309 3052 1372 3101 iuris

842 3124 924 3173 civilis
947 3124 1023 3173 habet
1045 3125 1197 3188 implicatam
1226 3130 1374 3171 controver-

842 3193 907 3240 siam
919 3192 963 3254 (de
974 3193 1025 3241 inv.
1037 3191 1060 3239 ll
1072 3193 1113 3250 21,
1126 3192 1162 3251 62)
1176 3204 1208 3238 zu
1219 3188 1321 3237 theilen.
1338 3184 1373 3233 od

841 3256 901 3306 Her.
913 3258 924 3305 Ι
937 3261 978 3322 14,
990 3258 1108 3307 schelest
1120 3258 1158 3304 sie
1169 3254 1297 3319 gersdezu
1307 3252 1371 3299 inri-

842 3323 951 3383 dicinlis,
960 3338 1018 3372 cum
1026 3323 1119 3372 fectum
1126 3322 1252 3384 convenit,
1263 3318 1309 3369 sed
1317 3321 1377 3367 iure

843 3405 876 3439 an
887 3392 980 3438 iniuria
991 3389 1085 3439 iactum
1098 3392 1132 3438 sit
1143 3389 1281 3451 quaeritur.

876 3460 1028 3507 necessitate
1039 3467 1086 3507 etc.
1105 3458 1146 3517 11,
1157 3466 1192 3506 38.

876 3535 902 3575 ta
923 3541 955 3575 ea
971 3535 1017 3576 etc.
1038 3525 1104 3574 denn
1121 3525 1194 3573 dacin
1211 3522 1274 3587 liegt
1286 3522 1314 3587 ja
1331 3522 1377 3570 ein<

843 3592 1043 3658 Eingestindnie
1059 3593 1104 3642 der
1121 3590 1230 3651 Schuld,
1251 3590 1293 3641 dle
1310 3589 1377 3638 eben-

843 3659 997 3711 vorGericht
1005 3659 1123 3710 ermittelt
1132 3659 1185 3709 und
1192 3658 1301 3709 bestrelt
1308 3672 1373 3706 wer-

844 3730 893 3779 den
904 3728 953 3779 soll
970 3729 1002 3778 de
1014 3729 1066 3779 inv.
1078 3728 1158 3789 1134,
1171 3738 1210 3778 111
1225 3726 1274 3777 hoc
1289 3735 1372 3790 genus

843 3798 888 3847 vix
910 3797 936 3845 in
956 3796 1052 3845 iudicio
1075 3796 1178 3861 probari
1193 3802 1291 3859 potest,
1313 3791 1378 3840 ideo

844 3864 912 3928 qnod
925 3877 1050 3914 concesso
1062 3872 1165 3928 peccato
1176 3860 1279 3910 diiticile
1290 3870 1329 3907 est
1340 3858 1379 3905 ab«

844 3947 883 3993 eo,
897 3933 940 3994 qni
952 3942 1114 3997 peccatorum
1121 3930 1215 3979 vindex
1224 3942 1281 3977 esse
1289 3926 1378 3985 debet,

844 4010 873 4049 ut
883 4000 1002 4064 ignoscat
1012 4000 1155 4063 impetrare.

877 4068 905 4117 in
916 4068 1032 4131 tepititsis
1042 4067 1142 4116 dediciis
1152 4090 1185 4099 —
1198 4076 1244 4111 vor
1260 4061 1309 4110 den
1326 4076 1377 4126 ge·

844 4136 1040 4198 setzmtissigem
1052 4133 1114 4183 eben
1125 4133 1192 4180 donn
1200 4132 1377 4195 eingesetzten

844 4199 986 4260 Gerichten,
999 4201 1061 4251 dass
1069 4201 1111 4250 die
1119 4197 1214 4248 Schuld
1222 4195 1380 4263 iestgeetsllt

844 4268 897 4318 und
909 4268 955 4319 das
968 4268 1101 4334 Vergehen
1114 4266 1220 4317 bestrait
1229 4266 1322 4316 werde.
