3067 4900
150 269 155 274 ’
260 304 302 370 oo

651 311 747 368 Pan'r.
764 310 861 369 Olill'l.
878 311 928 374 23.
944 315 988 369 80.

260 476 296 538 ad
313 483 410 538 motus
425 477 594 536 animorum
610 472 750 554 vulgique
765 493 870 536 sensus
885 475 1143 536 accommodatior.
1188 476 1294 539 Custos
1308 496 1382 554 vero

259 563 399 622 virtutum
422 561 555 620 omnium
577 558 706 620 dedecus
725 559 843 637 fugiens
857 557 1034 638 laudemque
1049 561 1176 620 maxime
1190 579 1382 642 consequens

259 643 438 705 verecundia
454 649 509 704 est.
540 643 636 722 Atque
650 643 683 702 bi
698 650 767 704 sunt
782 643 845 704 iere
860 645 945 722 quasi
961 644 1081 723 qnidam
1096 642 1213 705 habitus
1227 647 1321 706 animi
1336 649 1382 708 sic

260 726 370 789 adfecti
385 734 414 788 et
430 728 598 797 constituti,
614 735 647 788 nt
662 729 721 788 sint
736 725 843 806 singuli
858 725 936 787 inter
950 745 983 786 se
997 730 1121 807 proprio
1136 729 1250 789 mutis
1265 747 1380 808 genere

259 813 403 881 distincti;
427 812 566 890 aquibus
581 819 614 873 ut
629 829 764 892 quaeque
780 830 829 872 res
843 818 925 889 gesta
941 821 995 880 est,
1011 813 1051 871 ita
1067 813 1105 872 sit
1119 812 1243 874 honesta
1253 832 1380 876 necesse

204 905 238 956 80
259 904 304 958 est
319 914 493 977 summeque
506 894 674 958 laudabilis.
720 896 796 956 Sunt
815 903 915 956 antem
935 893 985 957 alii
1006 895 1126 974 qnidam
1145 896 1272 974 perlecti
1286 900 1379 960 animi

256 979 375 1042 habitus
395 979 433 1043 ad
452 984 591 1042 virtutem
613 982 697 1056 quasi
716 978 863 1058 praeculti
882 987 912 1039 et
930 981 1100 1059 praeparati
1120 983 1212 1040 rectis
1226 983 1332 1043 stndiis
1348 993 1377 1042 et

256 1064 389 1134 artibus;
412 1071 459 1134 ut,
482 1065 514 1124 in
530 1067 591 1126 suis
606 1062 699 1123 rebus
714 1063 811 1125 studia
825 1063 1005 1134 litterarum,
1022 1073 1055 1126 ut
1070 1081 1264 1126 numerorum
1280 1061 1377 1127 ac'so·

255 1167 380 1219 norum,
397 1156 430 1210 ut
445 1164 618 1217 mensurae,
635 1146 832 1217 malderum,
848 1154 882 1210 nt
897 1165 1057 1227 equorum,
1074 1155 1108 1208 nt
1122 1149 1263 1221 venandi,
1281 1157 1314 1210 nt
1328 1169 1376 1211 ar·

255 1251 387 1302 morum3
410 1234 442 1292 in
462 1231 670 1292 communibus
690 1233 888 1311 propensiora
909 1231 1004 1292 studia
1024 1233 1057 1291 in
1077 1231 1176 1312 aliquo
1192 1249 1303 1310 genere
1318 1238 1376 1294 vir·

252 1399 312 1434 cnm
332 1391 521 1448 compresserat
539 1381 636 1447 digitos
656 1396 789 1446 pugnum-

254 1468 304 1514 que
315 1449 421 1510 lecerat,
444 1451 602 1501 dialecticam
618 1449 703 1498 aiebat
719 1449 789 1498 eius-

252 1518 323 1568 modi
340 1533 410 1577 ease,
435 1532 493 1567 cnm
510 1526 595 1566 autem
611 1516 747 1567 diduxerat
763 1527 789 1566 et

251 1599 356 1635 manum
364 1585 523 1649 dilataverat,
529 1583 631 1650 palmae
638 1583 706 1632 illins
716 1585 789 1632 simi·
805 1586 819 1606 “

251 1652 301 1701 lem
313 1655 481 1718 eloquentiam
493 1651 642 1701 esseaiebat
653 1660 730 1712 atque
742 1651 790 1700 eti·

252 1735 293 1770 am
319 1728 377 1771 ante
397 1719 465 1769 hunc
487 1718 638 1768 Aristoteles
659 1719 787 1782 principio

251 1789 314 1837 artis
324 1788 465 1836 rhetoricae
474 1786 536 1835 dicit
543 1785 613 1834 illam
622 1794 702 1834 artem
712 1785 789 1847 quasi

251 1869 284 1903 ex
296 1853 374 1903 altera
385 1862 459 1918 parte
467 1851 621 1917 respondere
631 1851 786 1911 dialecticae,

250 1921 337 1971 uthoc
344 1920 463 1971 videlicet
470 1919 588 1969 differant
596 1920 661 1968 inter
670 1935 706 1979 se,
717 1919 788 1981 quod

250 1989 313 2040 haec
329 1990 398 2039 ratio
416 1989 519 2038 dicendi
534 1990 612 2038 latim
628 1987 674 2045 sit,
691 1985 735 2034 illa
748 1985 787 2036 lo·

250 2057 347 2120 quendi
363 2057 525 2106 contractior.
552 2055 585 2104 de
600 2053 645 2104 fln.
663 2055 733 2118 116,
752 2064 785 2110 1⁹1,

249 2123 322 2174 Brut.
335 2126 377 2185 31,
390 2135 436 2177 rm.

281 2199 368 2242 mutos
383 2179 444 2242 ue'rm
461 2192 489 2252 1,
503 2201 528 2246 a;
546 2188 628 2238 Plaut.
641 2188 717 2240 Most.
736 2189 784 2248 12,

248 2268 274 2308 aa
290 2258 303 2308 f
321 2259 385 2308 haec
406 2258 455 2320 (sc.
473 2256 588 2322 ignavia)
609 2256 786 2306 veremendt'nm

248 2326 284 2372 mi
300 2335 325 2374 ct
339 2326 442 2374 virtutis
458 2325 564 2373 modum
580 2323 724 2372 deturbavit
740 2322 785 2372 de-

248 2391 364 2454 texitque
380 2405 395 2438 a
411 2405 453 2439 me
472 2391 544 2449 ilico,
566 2389 617 2438 wol
635 2388 700 2438 auch
718 2388 785 2438 noch

248 2461 289 2509 ein
302 2459 457 2508 besonderer
467 2458 550 2505 Winls
564 2456 606 2505 tur
622 2456 677 2519 den¹
684 2456 785 2521 jungen

249 2525 335 2577 Cicero
348 2528 390 2586 24,
403 2536 428 2577 aa
438 2542 462 2575 s.
475 2524 541 2573 Einl.
553 2524 568 2584 ὃ
581 2526 606 2584 l,
619 2535 653 2573 34.

281 2594 309 2642 ln·
319 2602 366 2643 etc.
387 2592 438 2643 Cic.
450 2591 519 2641 liihrt
530 2592 611 2641 neben
624 2591 674 2640 den
686 2592 784 2656 eigent-

245 2659 329 2709 lichen
341 2651 408 2709 κατ’
421 2652 523 2725 ἐξοχὴν
536 2672 565 2707 so
576 2666 721 2721 gennnnten
734 2660 784 2706 vir-

245 2736 313 2777 tutes
332 2727 423 2787 animi,
445 2726 487 2775 die
503 2726 544 2774 bei
560 2725 605 2774 der
621 2724 745 2789 laudatio·
756 2726 783 2773 in

246 2794 366 2845 Betracbt
381 2795 515 2853 hommem,
533 2792 622 2841 weiter
638 2791 704 2841 auch
717 2792 783 2841 noch

244 2862 340 2912 andere
369 2862 491 2927 Vortirge
519 2859 701 2910 theoretischer
730 2861 783 2909 und

245 2928 584 2997 p1·aktischeerbigkeiten
596 2928 687 2991 (artes)
700 2942 743 2978 an.

280 2998 380 3049 daddus
401 2990 475 3061 ἕξεις
492 2994 542 3048 nul
559 2992 712 3055 διαθέσεις
729 2994 782 3061 τῆς

245 3064 353 3131 duppe:
379 3065 421 3114 die
441 3063 529 3113 bisber
544 3064 714 3129 angeldhrten
728 3064 780 3113 Tn-

245 3132 347 3195 genden
364 3132 423 3179 sind
440 3131 579 3195 gleichsam
596 3131 707 3195 gemisse
719 3132 780 3179 Zu-

245 3198 358 3245 stainde
388 3198 449 3245 bdcr
473 3196 779 3247 Beschasienheiten
801 3238 804 3243 .

245 3264 299 3311 der
312 3261 416 3321 Seele,
428 3264 471 3311 die
482 3277 512 3312 so
525 3263 658 3326 gestimmt
669 3263 721 3311 und
734 3278 781 3327 ge-

244 3330 312 3381 stella
328 3330 374 3389 ist,
397 3329 458 3378 dass
472 3329 545 3392 jeder
563 3330 677 3377 einzelne
694 3329 779 3378 dieser

244 3398 373 3451 Zustdnde
393 3398 456 3447 eben
477 3396 557 3446 durch
577 3395 618 3445 die
639 3396 781 3445 besondere

244 3466 357 3531 Gattung
373 3464 555 3531 der‘Tugend,
577 3463 619 3513 die
633 3461 688 3513 ihm
706 3463 780 3527 eigen

242 3536 285 3595 ist,
299 3534 358 3583 vom
372 3534 483 3583 anderen
495 3530 689 3581 unterschieden
702 3531 735 3580 ist
749 3531 781 3579 de

242 3602 296 3655 inv,
309 3600 332 3650 ΙΙ
345 3603 386 3665 53,
400 3612 445 3653 159.

277 3668 376 3731 adfecti
386 3669 427 3735 10,
441 3678 474 3718 a5.

278 3750 295 3783 a
311 3736 400 3799 quidue
415 3762 447 3771 —
468 3749 521 3784 von
537 3735 595 3784 dem
612 3734 657 3783 der
674 3747 707 3781 an
724 3732 780 3799 sich

244 3800 356 3863 sapiens,
370 3813 526 3867 temperans,
539 3802 627 3862 fortis,
639 3802 723 3849 iustus
735 3800 779 3860 ist,

243 3868 312 3930 trdgt
332 3868 398 3917 auch
415 3869 541 3932 jedesmal
561 3869 603 3917 die
625 3867 779 3917 betreffende

241 3932 382 3996 Handlung
401 3937 551 4001 notwendig
571 3936 621 3985 den
638 3934 779 3985 liberaliter

241 4000 288 4052 des
304 3999 456 4061 honestum,
472 4006 518 4054 der
533 4003 654 4069 Tngend,
672 4016 705 4051 an
723 4001 779 4053 sich

242 4067 296 4117 und
307 4069 341 4117 ist
353 4066 390 4115 als
403 4067 490 4118 solche
502 4086 602 4120 summe
612 4069 758 4119 laudabilia.

276 4146 302 4185 ao
315 4134 429 4200 perfecti
445 4148 472 4183 es
489 4136 544 4199 gibt
559 4138 620 4186 aler
632 4137 697 4187 anch
709 4135 776 4185 noch

242 4203 340 4269 andere
355 4201 457 4251 hierher
472 4201 597 4266 qehdrige
612 4203 776 4253 Beschaffen-

241 4270 326 4319 heiten
350 4270 394 4319 der
418 4267 502 4329 Seele,
533 4268 774 4324 Virtuoeitaiten

838 1380 885 1430 aui
894 1380 952 1431 dem
959 1380 1062 1431 Gebiete
1070 1381 1312 1434 derWissenschal't
1322 1387 1376 1434 und

839 1449 923 1498 liunst
934 1449 996 1499 oder
1007 1449 1073 1497 auch
1089 1450 1115 1498 in
1128 1451 1195 1500 noch
1207 1453 1315 1501 anderer
1325 1452 1374 1505 Be-

839 1515 959 1582 ziehnng.
977 1517 1010 1566 de
1020 1517 1074 1568 inv.
1086 1517 1098 1566 1
1109 1518 1152 1576 st,
1164 1529 1191 1568 aa
1201 1519 1317 1568 habitum
1327 1533 1373 1568 au-

839 1593 891 1632 tem
911 1584 1070 1649 appellamus
1091 1585 1171 1633 animi
1193 1595 1239 1635 ant
1257 1589 1374 1651 corporis

838 1657 995 1701 constantem
1010 1660 1036 1700 et
1051 1651 1195 1701 absolutam
1211 1653 1298 1716 aliqua
1309 1655 1335 1703 in
1346 1669 1375 1714 re

838 1718 1029 1781 perfectionem,
1043 1728 1071 1767 ut
1081 1721 1183 1769 virtutis
1195 1732 1240 1770 ant
1251 1723 1317 1771 arus
1328 1723 1375 1772 ali-

838 1786 909 1834 euius
915 1788 1107 1850 perceptionem
1112 1795 1157 1836 ant
1165 1790 1283 1849 quamvis
1293 1790 1374 1838 scien-

838 1852 900 1900 tiam
913 1853 1008 1900 etitem
1020 1855 1137 1919 corporis
1147 1854 1260 1916 aliquam
1269 1867 1374 1906 cumano-

838 1921 943 1968 ditutem
954 1933 1007 1969 non
1020 1929 1111 1970 natura
1122 1921 1216 1982 deum,
1229 1923 1276 1972 sed
1287 1925 1373 1974 studio

838 1993 866 2037 et
876 1987 1004 2038 industria
1011 1993 1125 2050 partam.

863 2056 947 2120 ,quaet
952 2057 1084 2118 praeculti
1093 2055 1174 2118 durch
1184 2055 1241 2104 edle
1248 2055 1375 2106 Bescheil-

837 2122 963 2186 tigungen
979 2122 1034 2188 und
1044 2122 1291 2173 wissenschaltliche
1303 2123 1373 2174 Titii-

835 2189 927 2253 tiglteit
938 2204 984 2237 zur
996 2189 1165 2254 eigeutliehen
1175 2191 1257 2241 virtus
1274 2189 1372 2256 gleich-

836 2271 893 2305 sam
904 2257 1063 2322 vorgebildet
1074 2259 1127 2307 und
1138 2258 1298 2312 verbereitet.

870 2322 949 2373 rectia
970 2327 1063 2375 atudtia
1085 2326 1147 2374 oder
1163 2326 1212 2374 wie
1229 2327 1288 2385 §81
1301 2341 1325 2379 a.
1339 2326 1370 2379 E.

836 2391 911 2439 bunia
923 2391 1016 2441 studiis
1029 2391 1062 2440 de
1073 2392 1117 2442 oti.
1129 2393 1153 2443 11
1171 2395 1217 2453 ta,
1229 2401 1256 2442 45
1276 2408 1372 2459 magna

836 2468 953 2523 spectare
964 2460 1034 2508 etad
1045 2474 1075 2507 ea
1086 2463 1166 2511 rectia
1175 2462 1269 2511 studita
1279 2462 1373 2514 debent

835 2526 996 2575 contendere.
1019 2527 1052 2575 de
1065 2541 1103 2579 or.
1120 2528 1187 2586 leo,
1199 2538 1238 2578 tta
1255 2529 1283 2578 in
1301 2532 1371 2578 omni

835 2602 904 2642 recto
925 2593 1011 2642 studio
1036 2594 1131 2656 (edlem
1152 2594 1269 2657 Streben)
1293 2604 1371 2658 atque

834 2659 992 2709 humanitate
1003 2671 1149 2719 versentn1·;
1162 2664 1204 2722 22,
1216 2674 1241 2712 aa
1252 2678 1305 2712 non
1317 2679 1369 2725 qno

834 2735 879 2775 tuo
900 2727 987 2777 studio
1008 2730 1151 2778 rectissimo
1172 2741 1250 2791 atque
1271 2732 1369 2795 optimo

834 2808 887 2843 non
900 2795 1008 2856 obsequi
1020 2796 1118 2846 vellem.

867 2862 966 2911 artibus
979 2864 1026 2924 10,
1037 2874 1071 2913 at.
1093 2862 1165 2913 Stob.
1178 2864 1232 2917 Ecl.
1244 2865 1267 2913 ll
1280 2881 1305 2929 p.
1319 2866 1369 2916 108

833 2920 929 2987 πάσας
942 2923 975 2979 δὲ
987 2921 1162 2996 colementis,
1175 2922 1242 2982 ὅσαι
1252 2925 1368 2995 ἐπιστῆ-

831 2996 888 3059 μαί
903 2992 958 3047 εἰσι
974 2993 1024 3047 noel
1042 2994 1166 3064 τέχναι
1183 3000 1291 3050 Aristot.
1302 3000 1368 3053 rhet.

831 3064 843 3112 Ι
854 3066 871 3115 6
883 3064 923 3129 (p.
936 3066 969 3113 24
982 3062 1067 3130 Spgl).

865 3133 891 3181 in
901 3134 955 3181 atde
966 3132 1043 3182 reduc
1054 3134 1103 3181 wie
1115 3133 1181 3182 oben
1194 3135 1236 3193 22,
1246 3144 1271 3183 ta
1283 3136 1310 3183 in
1319 3134 1368 3183 Be·

831 3199 944 3265 niehnng
964 3198 1010 3248 aui
1028 3199 1070 3249 die
1090 3202 1180 3265 eigene
1199 3200 1310 3263 Person;
1340 3205 1368 3251 in

829 3268 996 3317 communibus
1006 3268 1033 3314 in
1039 3267 1188 3330 Beziehnng
1197 3267 1244 3315 auf
1250 3268 1367 3316 dasVer-

830 3331 916 3379 halten
928 3347 1012 3395 gegen
1024 3334 1135 3384 andere.

864 3399 951 3446 studia
971 3399 1113 3447 litteranen
1135 3398 1168 3447 de
1179 3400 1231 3447 inv.
1253 3399 1265 3447 I
1281 3400 1327 3459 nt,
1340 3411 1367 3451 aa

831 3463 945 3511 studium
962 3473 1104 3513 astantem
1119 3466 1199 3515 animi
1215 3462 1326 3515 adsidua
1342 3479 1367 3517 et

829 3529 967 3579 vehemens
985 3530 1018 3579 ad
1038 3530 1151 3592 aliquam
1166 3548 1220 3581 rem
1237 3534 1368 3599 applicata

830 3612 926 3663 magna
948 3612 1006 3647 cum
1029 3597 1162 3664 voluptate
1183 3603 1317 3667 occupatio
1337 3611 1367 3651 nt

831 3665 1026 3731 philosophiae,
1035 3668 1172 3731 poenam,
1185 3670 1363 3733 geometricae,

829 3732 980 3783 litterarum.

860 3802 1037 3867 propensiora
1047 3802 1094 3851 mit
1105 3806 1237 3867 grdsserer
1246 3802 1365 3852 Vorliebe

830 3868 877 3916 auf
894 3868 936 3917 die
946 3868 1034 3933 Pilege
1049 3870 1141 3934 irgend
1154 3873 1224 3920 eines
1236 3869 1363 3919 besonde-

829 3950 873 3984 ren
886 3934 989 3985 Gehiets
1005 3937 1050 3987 der
1065 3938 1146 3986 virtus
1164 3937 1302 4001 gerichtcte
1313 3936 1363 3986 Be-

828 4001 978 4067 mirlrungen
989 4004 1027 4052 sei
1039 4018 1066 4052 es
1079 4002 1240 4052 hinsicbtlich
1250 4003 1294 4051 dea
1299 4001 1361 4053 Got-

828 4069 980 4120 tesdienstes
989 4070 1043 4118 und
1050 4084 1104 4119 was
1114 4070 1193 4119 damit
1202 4082 1363 4118 zusammen-

827 4136 910 4200 hangt
933 4137 994 4186 oder
1016 4135 1179 4186 hinsicbtlich
1206 4136 1362 4186 besonderer

825 4200 1018 4252 Liebeadienste
1029 4218 1112 4269 gagen
1124 4202 1224 4262 Eltern,
1236 4202 1360 4265 Freunde,

825 4268 912 4319 (itate
