3067 4900
266 329 308 394 80
599 336 696 394 rtur.
713 335 811 392 onir.
827 336 876 399 32,
893 339 1044 392 rrr-na.

265 518 345 571 raus,
361 500 525 561 accusatori
539 499 612 560 haec
628 499 687 560 duo
701 501 799 581 prima
813 509 884 562 suut
900 533 936 542 -
953 501 1011 562 sed
1022 511 1223 562 accusatorem
1233 520 1290 580 pro
1303 503 1383 563 omni

266 593 367 645 actore
383 592 412 644 et
425 585 551 664 petitore
566 582 695 662 appello;
718 592 841 663 possunt
862 585 941 644 euim
963 587 1051 645 etiam
1072 589 1137 646 sine
1152 589 1338 647 acomadoue
1352 589 1383 646 iu

266 669 363 730 causis
383 667 456 728 haec
478 666 581 727 eadem
603 670 871 730 controversiarum
893 686 1003 746 genere
1025 672 1138 731 versari
1160 703 1213 740 -,
1236 670 1288 730 sed
1311 671 1383 730 baec

266 753 325 813 duo
346 759 415 812 sunt
436 754 464 812 ei
484 752 593 829 prima,
622 769 708 814 causa
732 760 761 814 et
783 760 913 812 eventus.
958 751 1081 814 Causam
1102 753 1218 832 appello
1237 755 1382 815 rationem

266 834 421 905 efficiendi,
439 843 576 897 eventurn
591 837 630 907 id,
647 835 726 916 quod
741 847 786 897 est
801 836 948 897 effectum.
993 839 1089 918 Atque
1103 840 1167 916 ipsa
1182 837 1300 917 quidem
1314 855 1382 915 par-

195 929 242 979 111
265 919 329 979 titio
345 937 500 982 causarum
522 920 621 1000 paullo
643 931 711 981 ante
733 921 763 980 in
785 921 932 981 suasionis
946 918 1020 982 iocis
1035 921 1191 984 distributa
1206 932 1259 983 oste
1302 921 1382 993 Quae

267 1004 347 1064 euim
368 1006 399 1064 in
421 1003 545 1067 consilio
561 1005 705 1086 capiendo
716 1005 812 1064 iuturi
826 1005 970 1083 temporis
984 1006 1259 1083 praecipiebantur,
1281 1023 1382 1086 qaam

250 1085 369 1166 'obrem
391 1098 441 1149 aut
462 1087 615 1150 utilitatem
636 1088 809 1148 viderentur
824 1086 962 1148 habitura
978 1098 1028 1150 eut
1042 1090 1190 1150 efficiendi
1205 1090 1382 1158 facultatem,

265 1172 378 1243 eedem,
395 1172 497 1250 quide
512 1173 589 1231 iacto
605 1171 869 1248 argumentamur,
886 1171 1025 1250 coliigere
1040 1172 1173 1244 debebit,
1190 1175 1383 1253 quamobrem

265 1267 295 1316 et
310 1255 390 1316 utilia
405 1255 456 1324 illi,
473 1270 560 1334 quem
577 1262 688 1334 arguet,
704 1256 797 1317 iuisse
812 1266 842 1318 et
856 1256 894 1316 ab
910 1275 946 1318 eo
957 1256 1035 1318 edici
1046 1259 1178 1335 potuisse
1190 1259 1382 1319 demonstret.

265 1339 403 1402 Utilitatis
418 1341 588 1400 coniectura
603 1349 747 1415 movetur,
766 1339 888 1410 siillud,
904 1342 983 1421 quod
999 1343 1140 1420 arguitur,
1157 1350 1207 1403 aut
1221 1359 1275 1420 spe
1289 1341 1383 1402 bono-

264 1441 331 1484 rum
347 1432 397 1484 aut
412 1422 556 1484 malorum
573 1434 653 1485 metu
668 1424 773 1486 iecisse
789 1425 912 1495 diuitum
935 1426 1188 1506 (meditandus,
1210 1443 1269 1504 quo
1287 1423 1337 1486 iiia
1352 1427 1384 1484 in

194 1516 389 1585 neutroque
417 1525 527 1584 genere
555 1511 666 1569 maiora
687 1518 848 1586 ponuntur.
891 1510 1072 1589 Spectentur
1096 1510 1242 1572 etiamad
1264 1527 1384 1570 causam

265 1591 334 1651 iacti
349 1599 446 1652 motus
460 1593 641 1662 animorum,
662 1595 688 1653 si
701 1595 747 1654 ira
761 1612 883 1664 recens,
904 1597 930 1654 si
945 1595 1045 1656 odium
1061 1603 1158 1664 retus,
1179 1597 1206 1655 si
1221 1591 1384 1656 uiciscendi

264 1674 408 1746 studium,
425 1677 451 1738 si
465 1677 589 1738 iniuriae
605 1675 705 1745 dolor,
722 1679 747 1738 si
762 1679 899 1749 bonoria,
921 1681 946 1737 si
961 1679 1087 1756 gloriae,
1104 1682 1130 1739 si
1144 1680 1275 1758 imperii,
1292 1680 1383 1756 sipe-

264 1761 369 1821 cuniae
385 1761 542 1838 cupiditas,
559 1762 584 1819 si
599 1760 725 1839 periculi
739 1763 844 1831 timor,
860 1763 886 1820 si
900 1780 951 1822 aes
965 1762 1110 1831 alienum,
1133 1765 1159 1822 si
1173 1764 1325 1839 angustiae
1340 1763 1385 1821 rei

263 1843 423 1912 familiaris,
440 1845 465 1903 si
481 1843 584 1912 audax,
600 1847 625 1903 si
641 1843 726 1914 levis,
743 1846 769 1905 si
784 1842 927 1913 crudelis,
944 1846 970 1904 si
984 1848 1140 1925 impotens,
1159 1849 1184 1906 si
1198 1849 1343 1915 incautus,
1359 1846 1384 1904 si

263 1928 420 2008 insipiens,
444 1929 469 1987 si
484 1944 600 1997 amaus,
622 1929 648 1987 si
663 1936 811 1989 commota
826 1935 940 1997 mente,
962 1930 988 1988 si
1002 1928 1183 1998 vinolentus,
1206 1932 1233 1990 si
1247 1947 1314 1989 oum
1329 1947 1383 2008 spe

264 2011 425 2082 efficiendi,
441 2013 466 2076 si
482 2031 548 2076 cum
565 2011 702 2090 opinione
718 2011 834 2074 celandi
848 2022 914 2083 aut,
936 2015 961 2072 si
973 2012 1156 2098 patefactum
1172 2019 1265 2083 esset,
1282 2010 1383 2095 depel-

263 2091 346 2158 lendi·
366 2097 500 2162 orimiuis
521 2095 566 2156 vei
578 2096 795 2177 perrumpendi
809 2097 935 2176 periculi
949 2096 995 2162 vel
1009 2098 1041 2157 in
1055 2096 1252 2178 longinquum
1266 2104 1383 2175 tempus

264 2181 434 2250 differendi;
458 2189 509 2248 aut
522 2182 547 2241 si
561 2181 663 2243 iudicii
677 2200 773 2260 poena
789 2181 882 2243 levior
897 2199 985 2258 quam
1001 2183 1071 2246 iacti
1086 2183 1266 2259 preamium3
1291 2187 1344 2242 aui
1358 2181 1383 2239 si

191 2275 241 2327 113
263 2264 403 2326 facinoris
423 2265 557 2346 voiuptas
577 2267 671 2326 maior
691 2284 780 2346 quarn
803 2267 999 2328 damnationis
1020 2265 1115 2326 dolor.
1158 2267 1211 2326 His
1225 2267 1304 2326 onim
1319 2264 1383 2325 iore

263 2349 353 2410 rebus
374 2351 444 2412 iacti
467 2351 589 2428 suspitio
610 2351 819 2419 confirmatur,
845 2369 913 2415 curn
935 2360 965 2410 et
984 2350 1140 2411 voluntatis
1160 2353 1191 2410 in
1206 2367 1260 2409 reo
1276 2366 1382 2409 canisae

263 2434 454 2513 reperiuntur
475 2439 504 2493 et
523 2431 657 2495 facultas.
701 2433 736 2495 In
757 2433 905 2497 voluntate
926 2441 1025 2498 autem
1045 2433 1208 2499 utilitasex
1222 2433 1382 2512 adeptione

262 2516 386 2579 alicuius
408 2517 558 2579 commodi
578 2519 777 2597 vitationeque
798 2518 922 2579 alieuius
946 2518 1125 2579 incommodi
1153 2518 1321 2596 quaeritur,
1350 2522 1382 2577 ut

262 2611 313 2662 aut
333 2620 402 2681 spes
423 2610 473 2662 aut
493 2609 590 2661 metus
610 2600 761 2681 impulisse
783 2602 917 2665 rideatur
937 2609 987 2663 aut
1007 2600 1081 2663 alius
1102 2602 1276 2680 repentinus
1291 2600 1381 2660 animi

295 2821 407 2883 petitore
423 2834 449 2883 p.
463 2818 539 2869 Ruso.
553 2834 619 2869 com.
634 2820 717 2879 14‚42
734 2818 793 2881 quis
847 2820 943 2869 sache
970 2818 1189 2884 (Veraniassuug)
1218 2818 1271 2867 und
1295 2818 1380 2867 Wir-

262 2897 315 2936 erat
327 2889 440 2949 petitor?
451 2914 485 2923 -
501 2887 559 2949 quis
570 2888 649 2937 reue?
667 2902 693 2952 p.
708 2885 794 2945 Quint.
846 2886 932 2952 kung
943 2885 1065 2953 (Erfolg).

263 2956 303 3015 13,
319 2964 345 3005 tt
365 2968 505 3020 possumus
523 2955 640 3020 petitoris
655 2969 795 3020 personam
879 2958 1002 3006 rationem
1011 2955 1141 3018 ‘efficiendi
1151 2978 1183 2990 -
1196 2955 1238 3012 it,
1248 2963 1275 3004 eu
1285 2952 1382 3002 Bewir·

260 3035 360 3087 capere,
370 3022 527 3073 accusatoris
536 3022 680 3087 deponere?
694 3020 795 3088 pone·
845 3022 1029 3088 kungsgrucd,
1062 3022 1141 3071 Motiv
1165 3036 1243 3071 eausa
1266 3019 1380 3070 efficiens

261 3090 311 3141 cin.
323 3091 348 3148 3,
362 3098 383 3139 8.
407 3088 459 3139 Der
469 3089 645 3154 eligemeiuste
657 3088 795 3140 Ausdruck
845 3088 911 3155 Tap,
924 3091 965 3148 14,
977 3099 1012 3142 tt.

260 3156 294 3204 ist
306 3166 390 3216 actor,
402 3156 447 3205 der
458 3157 500 3206 die
511 3156 591 3222 Klage
600 3156 682 3217 iithrt3
701 3159 796 3222 petitor
875 3160 964 3222 paullo
975 3162 1035 3207 unte
1046 3156 1088 3216 26,
1100 3166 1133 3209 et.

261 3222 306 3272 der
322 3223 370 3270 den
388 3224 483 3272 andern
507 3238 596 3288 wegen
613 3224 658 3273 der
675 3238 722 3274 ron
740 3224 795 3273 ihm
880 3250 917 3290 111
927 3239 1154 3305 praedpgepangup
1165 3240 1208 3300 24,
1219 3249 1245 3288 83
1257 3236 1284 3287 ff,

261 3287 410 3339 eriehreneu
427 3289 671 3355 Rechtsverletzung
690 3291 795 3356 angoht,
879 3310 997 3360 militatis
1009 3309 1051 3365 24,
1063 3316 1089 3357 gg
1101 3305 1120 3355 g,

260 3356 303 3435 die
312 3354 392 3435 ΚῙθβθ
401 3370 484 3434 Sigen
496 3355 541 3405 ihu
553 3356 649 3435 efhssbb
662 3381 694 3393 ““
706 3358 794 3406 beides
879 3377 906 3425 in
915 3382 1021 3440 unoque
1027 3388 1123 3437 genere
1136 3374 1161 3419 in
1171 3370 1261 3421 beiden
1272 3368 1380 3419 Becieh-

261 3422 397 3489 argenthch
412 3439 440 3471 m
452 3438 530 3473 carisa
542 3434 655 3489 privata,
671 3422 795 3473 wibreud
847 3455 941 3507 angen,

260 3491 306 3540 der
329 3500 462 3540 accusator
485 3492 519 3540 im
544 3506 654 3556 engeren
680 3489 742 3541 Sinn
768 3492 794 3539 in
880 3534 918 3576 m
929 3524 965 3576 ad
975 3531 1135 3577 mmm
1152 3519 1380 3582 mmmmm&

259 3558 453 3629 causapubiica
464 3557 566 3609 austrae.
846 3592 897 3642 ‘ive
912 3591 957 3641 der
968 3589 1106 3654 Hmfflung
1118 3586 1257 3652 (immid
1274 3588 1327 3642 und
1339 3602 1381 3640 m„

261 3708 283 3745 z.
293 3632 525 3756 ffiffifflr
535 3639 795 3760 {perprrlrarpppphppnp
844 3657 1121 3785 gffinffligffffi
1131 3663 1218 3710 ΜΨ
1226 3671 1252 3705 ¹¹¹
1262 3654 1379 3709 Bmch‘

260 3761 309 3807 sita
321 3773 370 3809 von
384 3762 520 3819 etsensim,
539 3760 586 3809 oui
598 3761 645 3810 das
663 3762 703 3811 ein
715 3760 794 3815 ende-

259 3841 300 3874 rer
312 3827 362 3885 (als
375 3828 480 3891 petitor)
492 3827 644 3877 rechtlichen
657 3826 795 3892 nnsprueh
880 3837 918 3876 na
929 3833 955 3876 et
966 3828 1102 3879 comdiis
1113 3832 1159 3874 etc.
1171 3825 1213 3885 35,
1223 3834 1262 3873 119
1272 3836 1313 3871 wo
1323 3820 1378 3871 sich

260 3890 359 3954 erhebt,
377 3895 443 3945 ohne
454 3896 516 3946 dass
529 3895 573 3945 der
584 3910 643 3945 reus
657 3895 735 3945 selbst
746 3894 794 3945 das
845 3892 1099 3943 beidesnacbweisen
1106 3890 1181 3942 idest:
1190 3887 1377 3946 dieGrrinde,

259 3959 471 4012 betreffendeGut
482 3961 681 4013 widerrechtiiob
693 3976 726 4012 an
738 3961 795 4012 sich
845 3961 887 4010 die
903 3961 991 4011 seiuen
1007 3958 1125 4007 Wilieu
1145 3959 1305 4007 bestimmten
1325 3954 1377 4003 und

258 4026 381 4093 gebracht
396 4026 453 4089 bot;
476 4031 545 4080 daun
561 4030 641 4083 findat
656 4032 723 4082 actio
740 4030 793 4081 und
844 4028 906 4079 dass
922 4044 964 4077 ers
981 4026 1047 4077 auch
1063 4026 1204 4089 gekonnt
1219 4024 1298 4081 habe,
1316 4021 1379 4070 dass

259 4096 349 4160 petitio
359 4103 421 4144 statt
430 4095 496 4145 ohne
504 4101 634 4149 accusatio
645 4098 793 4162 (criminis).
843 4096 897 4146 ihm
909 4094 975 4147 auch
986 4094 1028 4144 die
1038 4093 1140 4146 Mittel
1156 4107 1189 4140 su
1201 4090 1296 4141 Gebote
1307 4098 1377 4139 stau-

293 4164 341 4214 eed
350 4187 385 4200 -
396 4162 476 4222 doch,
493 4166 543 4212 wie
558 4176 662 4233 gesagt:
681 4167 722 4217 die
738 4168 794 4216 bei·
843 4164 893 4214 den
912 4164 944 4213 de
961 4164 1012 4210 inv.
1028 4161 1088 4221 119,
1100 4170 1127 4210 κ
1141 4166 1185 4209 aut
1200 4166 1315 4222 potestas
1332 4156 1378 4205 de-

260 4231 309 4279 den
321 4229 586 4296 Hauptiategorieen,
608 4232 650 4281 die
671 4232 725 4281 hier
746 4246 793 4281 vor
842 4230 925 4280 brisso
941 4228 999 4278 aliis
1015 4224 1213 4277 demonstrando
1229 4234 1268 4274 est
1283 4233 1328 4274 aut
1338 4222 1378 4273 io-

259 4298 333 4347 aiiem
345 4299 372 4346 in
384 4297 503 4349 Betrncht
514 4298 649 4362 hommen,
666 4299 725 4348 sind
737 4296 793 4347 Ur·
843 4297 923 4346 cultas
936 4304 981 4345 aut
992 4294 1120 4345 voluntas.
