3067 4900
509 306 605 363 Plan.
622 305 721 362 ORA'l'.
739 305 789 367 26,
805 306 933 368 tls-27,
947 308 990 363 05.
1272 303 1313 367 'll

192 479 239 533 est
254 474 333 531 enim
347 480 406 532 tam
428 467 552 552 agrestis
567 486 655 548 quem
671 486 732 528 non
746 470 772 530 si
785 471 851 548 ipsa
867 470 964 530 minus
978 470 1135 540 honestas,
1158 482 1312 532 contume-

192 554 232 616 lia
247 563 345 616 tanmn
362 563 393 616 et
406 554 536 616 dedecus
551 571 659 630 magno
676 570 767 632 opere
782 561 907 614 moveat.
979 554 1090 624 'Quare
1105 555 1185 634 quod
1201 555 1237 616 ad
1254 559 1312 616 nti-

191 640 305 700 litatem
325 645 440 719 spectet
460 656 496 698 er
518 638 573 706 eis,
601 655 676 716 quae
697 635 879 705 dictasunt,
906 639 1089 717 reperietur-3
1124 638 1194 716 quid
1209 649 1309 700 antem
1330 646 1365 698 93

191 724 285 802 possit
300 722 377 784 ellici
394 739 489 782 necne
504 721 604 800 possit,
621 723 653 781 in
669 738 727 798 quo
743 722 832 782 etiam
847 739 936 799 quam
952 721 1039 782 facile
1054 723 1147 802 possit
1163 740 1310 807 quamque

191 806 329 884 expediat
342 808 447 886 quaeri
461 803 550 875 solet,
571 807 699 866 maxime
721 824 757 866 ex
779 807 876 866 causis
898 806 955 876 eis,
977 823 1052 885 quae
1076 824 1225 887 quamque
1246 826 1311 869 rem

191 890 330 962 eliciant,
347 899 392 950 est
406 889 573 952 videndum.
605 889 765 950 Causarum
781 897 880 950 autem
895 904 1007 965 genera
1022 897 1092 950 sunt
1106 889 1201 970 plura.
1235 891 1309 953 Nam

190 973 364 1042 scuteliae,
385 993 461 1053 quae
476 975 558 1052 ipsae
574 974 748 1043 conficiunt,
766 971 855 1044 aliae,
876 991 952 1052 qnae
966 974 1025 1033 vim
1041 972 1169 1052 aliquam
1186 974 1222 1034 ad
1238 993 1310 1036 con·

189 1057 349 1118 {iciendum
365 1057 512 1118 adierunt.
557 1058 659 1136 ltaque
674 1055 741 1118 illae
757 1058 930 1136 superiores
946 1057 1136 1118 conficientes
1151 1066 1308 1127 vocentur;

189 1141 246 1202 bae
262 1139 394 1222 reliquae
407 1148 557 1218 ponantur
571 1143 604 1202 in
619 1159 654 1201 eo
670 1159 795 1220 genere,
819 1149 853 1201 ut
867 1142 932 1202 sine
947 1141 993 1201 his
1009 1141 1114 1202 confici
1129 1159 1190 1202 non
1205 1145 1308 1220 possit.

189 1225 353 1286 Conticiens
375 1233 474 1286 autem
495 1243 584 1286 causa
605 1224 660 1286 alia
683 1233 727 1286 est
747 1224 882 1286 absoluta
903 1233 933 1286 et
951 1225 1084 1303 perlecta
1105 1243 1160 1304 per
1181 1244 1229 1295 se,
1252 1225 1308 1287 alia
1329 1232 1364 1284 94

188 1306 298 1388 aliquid
320 1309 462 1370 adiuvans
477 1317 506 1370 et
521 1309 669 1371 elliciendi
690 1310 771 1370 socia
785 1308 947 1388 quaedam;
970 1311 1054 1370 cuius
1068 1311 1187 1386 generis
1201 1311 1244 1370 ris
1259 1327 1307 1371 va·

187 1395 230 1452 ria
247 1399 291 1452 est
306 1401 336 1452 et
350 1411 439 1471 saepe
456 1401 506 1453 aut
520 1394 615 1455 maior
630 1398 681 1452 ant
696 1394 809 1463 minor,
825 1400 859 1453 ut
874 1396 961 1453 etiam
977 1392 1042 1461 illa,
1058 1411 1134 1472 qnae
1149 1394 1306 1454 maximam

187 1477 245 1536 rim
260 1476 359 1546 habet,
375 1476 437 1538 sola
452 1495 541 1554 saepe
557 1493 645 1538 causa
660 1476 785 1538 dicatur.
817 1478 892 1537 Sunt
903 1484 1001 1537 autem
1013 1474 1087 1537 aliae
1102 1495 1216 1548 causae,
1232 1495 1307 1556 qnae

186 1566 236 1621 ant
255 1567 380 1639 propter
399 1562 577 1640 principium
601 1569 651 1621 aut
672 1568 797 1640 propter
818 1561 928 1621 exitum
950 1561 1139 1620 conficientes
1154 1556 1306 1623 vocantur.

186 1643 259 1704 Cum
277 1652 375 1704 autem
391 1647 545 1723 quaeritur
560 1645 630 1722 quid
646 1646 684 1704 sit
698 1647 844 1723 optimum
859 1644 953 1712 lactu,
981 1652 1033 1705 aut
1046 1644 1159 1706 utilitas
1173 1653 1225 1705 aut
1239 1663 1307 1725 spes

186 1727 334 1788 efficiendi
349 1729 386 1789 ad
401 1728 625 1790 adsentiendum
640 1728 767 1808 impellit
782 1731 905 1791 animos.
986 1727 1179 1808 aequoniam
1194 1727 1231 1788 de
1246 1726 1409 1811 coetos

185 1808 266 1870 litate
281 1812 339 1871 iam
356 1813 492 1882 diximus,
509 1813 546 1873 de
562 1812 710 1874 efficiendi
725 1816 843 1874 ratione
859 1811 1000 1873 dicamus.
1037 1813 1101 1883 Quo
1116 1820 1178 1873 toto
1194 1829 1306 1890 genere

184 1893 363 1970 quibuscum
379 1905 408 1956 et
423 1904 527 1956 contra
542 1915 631 1975 quoe,
654 1915 713 1976 quo
736 1905 870 1977 tempore
891 1904 940 1957 aut
961 1915 1021 1976 quo
1041 1895 1108 1957 loco
1130 1904 1181 1957 aut
1196 1896 1305 1973 quibus

184 1977 371 2041 facultatibus
385 1998 546 2050 armornm,
562 1983 716 2060 pecuniae,
732 1982 881 2041 sociorum
897 1998 1036 2041 earumve
1046 1998 1159 2048 rerum,
1176 1998 1252 2059 quae
1268 1980 1304 2040 ad

183 2079 331 2140 quamque
345 2081 409 2124 rem
427 2063 613 2125 efficiendam
628 2066 789 2143 pertinent,
806 2066 954 2141 possimus
965 2065 1008 2124 uti
1019 2062 1235 2140 requirendum
1250 2072 1304 2123 est.

182 2145 285 2224 Neque
301 2145 396 2207 solnm
413 2165 447 2206 ea
463 2155 547 2216 sunt,
571 2165 646 2225 quae
661 2147 747 2208 nobis
764 2153 937 2226 suppetant,
957 2146 1013 2207 sed
1036 2148 1125 2207 etiam
1140 2145 1205 2216 illa,
1228 2165 1305 2224 quae

182 2227 391 2298 adversentur,
413 2230 549 2290 ridenda.
579 2231 629 2300 m,
653 2233 678 2292 si
693 2249 730 2291 ex
745 2231 935 2292 contentione
950 2228 1128 2309 procliviora
1144 2237 1234 2290 erunt
1249 2247 1303 2289 no·

181 2318 257 2381 stra,
280 2331 340 2373 non
355 2313 452 2374 solum
467 2313 545 2374 ellici
559 2332 662 2392 posse,
684 2333 762 2394 quae
776 2312 949 2382 suademus,
972 2314 1029 2374 erit
1048 2313 1302 2392 persuadendum,

180 2395 231 2457 sed
249 2397 413 2459 cmandnm
430 2399 534 2468 etiam,
559 2406 591 2459 ut
604 2397 655 2460 illa
669 2397 782 2468 facilia,
805 2396 962 2477 procliuia,
982 2397 1113 2460 incunda
1133 2397 1301 2460 videantur.

180 2480 423 2543 dissuadentibus
448 2491 545 2545 autem
571 2490 621 2543 aut
646 2482 756 2544 utilitas
780 2482 985 2544 labefactanda
1012 2490 1057 2543 est
1079 2492 1131 2544 aut
1153 2482 1303 2543 efficiendi

180 2564 367 2628 difficultates
388 2567 570 2636 offerendae,
594 2584 692 2643 neque
713 2566 777 2627 aliis
798 2584 835 2627 es
855 2568 1040 2653 praeceptis,
1062 2565 1115 2626 sed
1136 2564 1250 2626 eisdem
1265 2584 1302 2626 ex

212 2793 238 2832 cs
250 2785 312 2847 quid
322 2790 405 2833 autem
417 2794 464 2834 etc.
482 2784 585 2843 ibent.
604 2785 713 2838 Aristot.
765 2783 863 2833 allein
880 2784 933 2833 und
951 2783 1018 2833 ohne
1034 2784 1125 2847 irgend
1136 2782 1232 2832 welche
1242 2781 1302 2831 Bei-

178 2850 278 2967 ldlp.
296 2852 328 2901 26
346 2850 422 2926 §qu
440 2844 476 2901 τὰ
493 2844 650 2903 δυνατὰ-
670 2850 713 2913 dt·
764 2849 835 2899 baille
852 2848 973 2913 lediglicb
993 2849 1073 2899 durch
1094 2850 1149 2899 sich
1169 2848 1302 2898 wirbende

195 2913 233 2975 ὥς
260 2930 305 2967 στι
317 2933 353 2971 τα
364 2933 395 2968 τε
407 2914 549 2983 γενόμενα
561 2906 597 2969 do
609 2916 660 2969 cul
673 2913 713 2968 vol
764 2915 890 2974 Ursache,
903 2916 1076 2965 oderrelaciv:
1090 2931 1159 2964 zuar
1172 2915 1301 2964 unmittel-

178 2932 526 3050 ᾆᾳδίωςγιγνόμενα.
764 2983 811 3031 bar
831 2982 957 3044 winkend,
982 2983 1043 3031 eber
1062 2984 1118 3032 mit
1137 2983 1224 3031 einer
1244 2998 1300 3031 an-

211 3082 346 3118 emurum
360 3092 395 3104 ..
412 3068 454 3116 (119
469 3066 617 3116 wqfflnden
634 3065 712 3115 Ursa.
765 3047 841 3097 dern
854 3049 892 3097 sie
903 3049 1104 3098 unterstfitzend.

177 3133 241 3185 chen
265 3135 326 3184 sind
348 3134 476 3184 entweder
504 3132 713 3181 unmittelbar
796 3132 950 3196 principium
965 3156 999 3166 —
1014 3144 1106 3195 wegen
1122 3131 1299 3180 derinihrem

176 3199 256 3253 durch
268 3201 324 3250 sich
333 3199 552 3251 selbstwirlrende
564 3198 713 3259 (conficien-
763 3197 990 3263 Ausgangspunkt
1017 3197 1073 3247 sicli
1102 3197 1298 3247 offenbarenden

175 3279 213 3318 tes
238 3258 303 3319 κατ’
329 3260 433 3333 ἐξοχὴν
456 3267 553 3332 positiv
570 3259 712 3327 wirlrende)
762 3264 848 3323 Krait3
875 3266 971 3316 eaeitum
987 3265 1070 3314 worin
1084 3265 1126 3315 die
1145 3266 1172 3314 iu
1192 3264 1234 3315 ibr
1253 3265 1299 3315 lie·

175 3335 439 3396 odermittelbare‚
453 3332 659 3384 vernulassende.
763 3333 848 3396 gendo
864 3333 1001 3382 wirkeame
1018 3331 1090 3382 Kralt
1115 3348 1161 3382 zur
1178 3331 1298 3381 Erschei·

226 3416 712 3482 anonim-dieeinebeliebigever-
761 3400 953 3483 nunss‚k⁰¹}¹mt·
1256 3465 1261 3475 ,

174 3498 190 3598 p
217 3499 329 3564 esspng,
351 3486 528 3601 ipgendbeppqp
540 3484 711 3599 Austosstge
760 3463 1230 3583 ebedlllssffei‘iggugeffiffiiflobffldellffl
1241 3464 1297 3512 ⁵¹⁰h

174 3566 442 3682 Kbbltlbnfiebllegedbg
451 3565 655 3674 getbebqemistbjell:
663 3566 710 3667 (libe
794 3618 837 3674 27,
849 3625 875 3665 tt
886 3616 996 3665 meum
1007 3616 1049 3674 24,
1062 3624 1088 3663 88
1099 3613 1126 3663 ff.

174 3700 218 3734 ren
231 3684 301 3735 daun
311 3700 353 3733 res
365 3683 507 3733 conficitur.
795 3700 828 3748 αθ
844 3698 974 3760 effidem·
987 3699 1089 3748 rame
1105 3698 1167 3747 fiber
1183 3696 1226 3745 die
1237 3696 1296 3746 Μὴ.

207 3769 263 3817 siue
283 3768 323 3817 dia
342 3767 397 3825 die,
415 3781 490 3816 werin
507 3765 545 3817 sie
561 3764 628 3815 auch
639 3765 711 3814 nicht
761 3765 794 3815 tel
807 3764 957 3829 undWege‚
970 3765 1051 3814 durch
1062 3764 1295 3814 dieeinbestimm-

172 3834 336 3884 nnmittelbar
356 3833 467 3892 wirben,
489 3832 556 3883 doch
576 3847 623 3881 zur
639 3831 711 3880 Wir-
760 3842 799 3881 ter
810 3832 901 3896 Erfolg
912 3832 1000 3881 erzielt
1010 3832 1084 3885 wird.

172 3902 244 3967 kung
261 3899 454 3950 unentbehrlich
470 3900 542 3950 sind:
570 3899 627 3949 aine
643 3898 712 3948 steht
796 3930 832 3965 θῶ
852 3916 1013 3965 commone
1033 3916 1088 3972 Μ
1109 3928 1141 3962 03
1160 3927 1295 3980 compara,

172 3970 230 4017 dem
250 3982 299 4017 con
319 3968 400 4029 (cnm)
420 3969 446 4016 in
468 3967 632 4017 conficientes
654 3975 710 4016 ent·
758 3982 829 4031 tione
848 3980 1294 4045 Top,18‚eospeeieeomparantur,

172 4051 263 4101 gagen.
759 4057 788 4098 nt
799 4055 985 4112 anteponantur
993 4072 1026 4082 -
1034 4047 1146 4096 iucunde
1156 4048 1242 4096 minus
1254 4047 1295 4095 iu-

166 4173 170 4182 ·
206 4130 232 4169 at
251 4119 388 4183 eumeleus
408 4119 450 4168 dia
467 4117 631 4167 unmittelbar
648 4117 708 4167 wir·
732 4112 733 4115 ’
759 4114 864 4175 cundia,
881 4113 990 4164 honesta
1005 4114 1072 4179 ipsis
1089 4115 1166 4163 etiam
1177 4112 1292 4171 utilibus,

171 4185 254 4235 keude
274 4185 387 4236 Ursache
407 4185 497 4246 (causa
516 4184 650 4250 primaria)
674 4184 709 4235 ist
755 4183 883 4247 procliuia
902 4180 1051 4241 laboriosis,
1074 4180 1220 4231 necessaria
1240 4193 1294 4229 non

172 4252 241 4301 diess
266 4253 393 4303 entweder
416 4254 451 4301 im
475 4252 608 4303 absoluten
629 4250 706 4301 Sinn:
757 4249 910 4300 necessariis
922 4259 970 4300 etc.
