3067 4900
232 249 273 314 92
609 255 706 312 PART.
724 253 821 310 ΟΒΑΤ.
837 253 887 317 40,
905 258 962 308 140.

143 487 144 492 ,
235 423 333 491 decet,
355 421 412 482 lete
435 438 623 498 expromere,
644 418 724 480 illius
739 419 957 480 exercitationis
977 426 1006 479 et
1020 417 1166 480 subtiliter
1181 417 1348 497 disputandi

158 517 208 568 140
232 507 395 586 etcopiose
411 505 528 566 dicendi
542 506 614 566 ortis
630 513 684 566 est.
729 505 772 566 lle
785 503 872 566 honis
887 520 958 563 vero
973 502 1063 564 rebus
1083 513 1113 564 et
1126 502 1224 573 melis,
1246 505 1348 583 aequis

233 592 357 670 iniquis,
378 589 500 652 utilibus
519 587 687 658 inutilibus,
711 589 844 649 honestis
863 586 1002 666 turpibus
1020 606 1109 666 quam
1124 595 1221 668 potest
1234 587 1349 648 hahere

188 675 191 680 '
235 685 335 736 orator
355 675 427 735 sine'
438 671 495 734 illis
510 676 704 734 maximarum
721 691 823 734 rerum
838 671 950 732 aru‘hus
965 671 1134 733 fucultatem
1144 680 1199 733 ,eut
1214 672 1347 752 copiam?

235 760 332 832 Quare
347 759 420 820 haec
434 756 487 818 tihi
502 759 569 828 siut,
586 760 626 818 mi
638 758 750 827 Cicero,
768 775 843 835 quse
855 758 986 835 exposui,
1002 759 1085 837 quasi
1098 756 1208 818 indicis
1222 758 1348 818 lentium

234 843 368 912 illorum3
392 843 428 904 ed
451 859 525 922 quos
546 844 570 904 si
591 841 677 903 nobis
698 842 810 904 eisdem
825 841 950 902 ducihus
965 841 1064 902 aliisve
1078 843 1263 921 perveneris,
1285 849 1349 904 tum

235 937 265 990 et
279 947 313 990 ce
327 929 390 1006 ipsa
405 925 510 988 melius
525 936 555 988 et
568 926 662 990 multo
676 928 788 988 maiora
802 926 858 988 elia
873 943 1044 1005 cognosces.
1088 924 1119 987 C.
1135 926 1169 987 F.
1191 926 1253 1004 Ego
1268 945 1348 997 vero,

235 1029 269 1076 ec
284 1027 391 1090 magno
407 1011 525 1092 quidem
541 1011 652 1081 studio,
675 1015 715 1072 mi
729 1019 829 1092 pelen
851 1009 1009 1091 multisque
1025 1029 1061 1072 ex
1075 1012 1134 1072 tuis
1148 1009 1350 1091 praeclarissi-

234 1098 291 1158 mis
304 1096 477 1158 muneribus
490 1095 604 1157 nullum
618 1097 712 1156 maius
726 1104 874 1176 exspecto.

234 1294 275 1332 tur
292 1293 316 1332 et
332 1291 363 1332 ca·
378 1295 444 1344 quae
459 1280 553 1344 quibus
571 1282 713 1346 propositis
726 1297 767 1330 es·
817 1282 894 1330 rebus
913 1291 959 1330 ent
977 1280 1065 1340 melis,
1087 1280 1150 1330 nihil
1166 1280 1198 1329 de
1214 1280 1360 1330 virtutibus·

236 1361 293 1402 sent
302 1365 418 1413 quaeque
427 1350 767 1412 nonessentconsequentia.
819 1360 863 1398 ent
879 1350 946 1398 vitiis
962 1374 996 1384 —
1013 1351 1069 1398 sine
1085 1365 1115 1398 ea
1130 1348 1251 1411 scientio,
1273 1362 1351 1411 quem

269 1420 335 1469 illinc
355 1443 390 1452 —
410 1418 459 1468 wie
482 1418 519 1467 sie
539 1415 689 1466 Aristoteles
714 1417 767 1466 und
818 1417 887 1478 (lixi,
910 1418 1022 1482 graviter
1037 1416 1121 1482 ample
1138 1417 1243 1482 copiose
1259 1416 1309 1464 dici
1327 1427 1351 1465 et

236 1487 306 1534 scine
323 1484 416 1535 Schule
432 1484 587 1534 anznstellen
603 1484 699 1550 pilegte
725 1484 766 1536 Or.
818 1483 940 1549 explicari
951 1493 1045 1550 potest.

237 1555 282 1612 14,
295 1563 320 1602 46
336 1555 362 1602 in
374 1552 422 1601 hec
434 1551 490 1614 (der
502 1547 598 1613 θέσις)
616 1552 767 1602 Aristotcles
850 1554 906 1602 eine
927 1554 977 1602 illic
998 1561 1045 1600 etc.
1072 1551 1139 1601 ohne
1159 1551 1211 1600 die
1232 1551 1350 1600 Wrsseu—

236 1621 409 1670 adnlescentes
431 1634 482 1669 non
500 1620 533 1669 ad
551 1619 767 1685 philosophorum
818 1618 946 1678 scheiten,
968 1620 1009 1669 (lie
1025 1618 1080 1668 sich
1096 1620 1143 1668 mit
1158 1619 1207 1668 den
1227 1618 1351 1668 hochsten

236 1701 334 1738 morem
347 1689 453 1737 tenuiter
466 1689 609 1738 disserendi
621 1687 666 1738 sed
678 1688 712 1737 ad
724 1703 765 1738 co-
817 1687 915 1752 Fregen
928 1685 1112 1752 beschiitigen‚
1125 1687 1167 1736 (lie
1176 1702 1204 1736 es
1213 1687 1277 1751 gibt,
1290 1687 1316 1736 (l.
1326 1686 1351 1735 h.

219 1759 304 1820 piam
323 1755 453 1805 rhetorum
478 1754 514 1815 (d.
535 1755 553 1803 i.
576 1755 717 1818 oratorum)
740 1755 767 1803 in
818 1754 885 1804 ohne
913 1755 955 1804 nie
984 1753 1210 1819 philosophischen
1232 1754 1352 1804 Wissen-

236 1833 370 1884 utramque
387 1832 484 1888 partem
501 1833 528 1870 ut
544 1823 656 1872 ornatius
670 1833 694 1872 ct
705 1823 767 1872 uhe—
818 1820 946 1871 scheiten:
959 1821 1000 1872 die
1012 1822 1123 1885 Physih‚
1137 1821 1214 1871 Ethik
1226 1823 1280 1872 und
1290 1820 1352 1870 Die—

236 1893 291 1939 rius
303 1889 354 1939 dici
367 1890 460 1955 possit,
474 1891 598 1942 coenant.
818 1889 906 1942 lehtili.

270 1960 337 2008 artie
357 1981 388 1994 ·—
410 1957 481 2006 Brut.
494 1959 540 2017 31,
554 1967 592 2013 110
612 1971 663 2019 qno
683 1957 769 2022 magis
852 1958 948 2007 indicia
965 1957 1006 2006 die
1019 1957 1185 2022 Fingerseige
1200 1972 1233 2005 zu
1250 1957 1299 2005 den
1316 1957 1353 2004 ei-

237 2035 318 2088 tnnrn,
331 2023 416 2089 Brute,
429 2021 551 2074 indicium
562 2025 653 2090 probo,
668 2027 711 2086 qui
724 2039 770 2074 eo·
820 2024 963 2091 gentlichcn
988 2023 1091 2083 Quellen
1118 2025 1165 2073 der
1189 2023 1351 2089 philosophi-

236 2107 293 2142 rnm
304 2093 518 2158 philosophorum
531 2101 626 2142 sectern
638 2093 675 2154 (d.
685 2092 711 2146 h.
724 2093 771 2142 ‹ler
820 2091 899 2142 sehon
919 2090 1143 2142 wissenschaften
1166 2092 1227 2154 (den
1239 2092 1352 2141 Werlsen

236 2159 634 2226 aledemiech·peripetetischen
665 2157 771 2222 Schule)
820 2160 907 2210 Platos
919 2160 972 2210 und
983 2159 1155 2222 Aristoteles).

237 2237 340 2277 secutus
354 2241 393 2287 es,
406 2242 515 2290 quorum
528 2229 554 2276 in
566 2227 681 2276 doctrine
693 2239 771 2290 etque
853 2229 960 2291 fonnem
979 2253 1014 2264 —·
1034 2229 1112 2287 ,unde
1134 2229 1220 2277 omnia
1239 2228 1353 2276 mnnent‘

223 2323 224 2328 =
237 2297 382 2360 praeceptis
400 2295 544 2346 discerendi
558 2297 626 2345 ratio
637 2297 768 2358 concoept-
821 2295 853 2344 (le
866 2310 901 2346 or.
914 2294 992 2360 1128,
1006 2306 1052 2346 111.

238 2365 480 2412 mrwmsoaoitate
492 2364 630 2412 dioendiet
642 2365 725 2427 copia.
855 2367 945 2412 motum
965 2373 1011 2412 etc.
1032 2388 1064 2398 -
1083 2362 1122 2412 als
1144 2363 1186 2412 die
1206 2359 1274 2412 (labe
1297 2363 1353 2412 sein

271 2441 309 2481 140
326 2431 357 2481 de
374 2430 446 2481 bonis
461 2445 521 2481 vero
540 2439 586 2480 etc.
604 2429 767 2491 defin.V3,
820 2431 897 2491 wird,
915 2430 1003 2482 diedo
1014 2432 1064 2480 mir
1075 2431 1138 2481 chen
1154 2431 1235 2481 demit
1246 2431 1271 2478 in
1284 2429 1353 2479 Ane-

237 2510 257 2548 1.
278 2496 321 2547 Or.
334 2500 364 2558 4,
378 2508 402 2548 16
420 2512 479 2547 nem
492 2502 523 2548 de
534 2499 599 2558 vitu,
617 2499 649 2548 de
666 2498 770 2561 officiis,
821 2499 887 2548 sicht
898 2500 988 2558 stellet,
1002 2499 1063 2549 dees
1076 2500 1111 2548 dn
1121 2498 1190 2548 mich
1201 2499 1227 2547 in
1239 2498 1282 2547 die
1292 2497 1353 2545 Hel-

238 2565 269 2613 de
281 2566 395 2615 moribus
405 2568 461 2616 sine
469 2566 550 2616 multe
558 2568 769 2631 earumipsarum
820 2566 863 2615 len
887 2566 932 2615 der
955 2566 1130 2631 griechischen
1160 2564 1352 2628 (akodemisch-

237 2647 321 2681 rernm
334 2632 470 2697 discipline
481 2633 543 2683 nihil
556 2644 600 2682 ant
611 2633 661 2683 dici
673 2644 717 2683 eur
729 2635 770 2682 in·
820 2634 1046 2699 peripatetischen)
1071 2633 1241 2700 Philosophie
1266 2634 1353 2683 einen·

237 2700 324 2765 tellegi
340 2708 427 2765 potest
443 2702 490 2765 33,
508 2710 546 2751 118
565 2700 627 2749 nihil
644 2700 767 2751 debonis
818 2701 910 2751 tnhren
922 2702 1056 2767 gedenlst.
